4888 5962
269 229 345 304 ιιι
527 273 532 284 ,
861 217 1285 313 Quansrtonns
1319 181 1720 301 acannntcan
1775 205 1784 212 ’
2227 216 2307 298 ιιι

273 398 386 489 Quasi
402 422 485 468 vero
500 392 594 468 hauc
609 420 718 467 unam
730 395 778 466 ob
789 415 930 464 causam
942 409 1169 484 repurgatum
1180 407 1268 464 esset
1318 391 1386 464 No.
1402 395 1439 465 2.
2104 395 2171 478 (ιιι.
2188 393 2301 478 1532.)

271 499 529 592 Evangelium‚
568 513 610 570 ut
628 511 721 570 artes
745 499 836 568 iusta
857 495 1075 586 possessione
1099 509 1269 568 moveret.
1317 489 1447 515 Μ’
2120 491 2156 516 “
2201 498 2210 516 “
2244 489 2308 522 ”””“

272 601 381 676 Nunc
394 626 451 674 res
464 602 625 696 loquitur
638 600 734 691 ipsa,
759 594 947 687 Evangelii
963 598 1132 668 beneficio
1149 597 1269 689 digni·
1388 605 1420 664 tr
1436 605 1779 733 Qmeotompaettter.
1798 603 1918 681 ptrqq.
1934 637 1971 652 -
2004 605 2314 682 Apage-plantant.

275 719 382 777 tatem
406 703 536 775 artium
558 701 734 795 patelieri,
759 713 795 772 et
817 699 951 789 augeri.
1005 698 1046 769 ld
1068 723 1194 772 acuere
1209 699 1269 773 iu·
1419 677 1555 737 ”mm
1572 683 1626 751 Μ
1688 713 1698 734 ·

277 805 451 878 dustriam
470 800 678 890 bominum,
703 815 738 874 et
755 801 905 872 excitare
921 803 965 872 ad
982 801 1190 872 discendnm
1205 803 1269 872 de·
1317 841 1408 910 hm
1430 859 1480 910 Μ
1500 839 1639 934 zossm
1658 839 1701 909 ἡ,
1722 837 1902 932 mmm
1922 858 1948 908 a
1972 838 2127 912 emp,
2145 836 2194 912 a,
2214 859 2313 914 mo

276 911 393 980 bebat.
437 901 538 977 Olim
554 907 716 976 calebant
729 905 860 974 mirum
874 903 912 972 in
931 905 1077 974 modurn
1092 897 1269 974 haecstu-
1516 967 1520 974 .
1622 943 1676 1012 ,ἢ
1702 934 2013 1034 mepppmmp

279 1010 358 1096 dia,
391 1032 471 1078 cum
494 1010 674 1087 deessent,
706 1005 770 1102 qui
792 1007 931 1078 tradere
953 1018 1106 1097 possent.
1163 1003 1269 1077 Nunc
1772 1029 1775 1036 ·

277 1113 318 1183 in
339 1111 491 1181 maxima
514 1110 616 1203 copia
639 1106 836 1180 Doctorum
858 1107 1095 1200 optimorum,
1126 1101 1269 1179 scholae
1319 1086 1576 1199 Cumpublica
1592 1107 1812 1178 consuetudo
1825 1101 1916 1176 mihi
1933 1107 2175 1182 necessitatem
2190 1109 2230 1182 in
2243 1107 2314 1186 boc

276 1237 404 1309 parum
427 1213 630 1307 frequentes
653 1224 748 1284 sunt.
797 1205 847 1280 Et
868 1232 948 1297 cum
972 1223 1074 1280 antea
1094 1209 1268 1282 obductae
1302 1209 1546 1288 :ornatissimo
1574 1233 1740 1280 consessu
1763 1208 1909 1280 dicendi
1936 1209 2115 1300 imponat,
2157 1238 2246 1305 rogo
2267 1239 2315 1287 ne

278 1317 350 1388 situ
371 1329 406 1388 et
427 1315 592 1410 squalore
613 1311 787 1384 lacuerint
807 1323 917 1396 artes,
944 1335 1041 1382 nunc
1060 1325 1269 1404 receperunt
1319 1335 1377 1380 me
1404 1311 1524 1404 potius
1555 1311 1798 1402 impudentia,
1830 1335 1936 1406 quam
1968 1312 2085 1383 officio
2116 1317 2314 1389 adductum

276 1419 447 1492 nitorem.
502 1411 695 1486 Dialectica
719 1435 863 1506 pmrsus
883 1414 1014 1487 obruta
1036 1427 1112 1484 erat
1133 1413 1270 1489 calum-
1319 1435 1392 1483 case
1414 1413 1641 1496 existimetis,
1674 1427 1714 1486 ut
1734 1407 1799 1485 bas
1820 1426 1937 1505 partes
1957 1415 2179 1508 susciperem.
2235 1417 2315 1490 Mi-

277 1521 350 1590 niis
365 1519 581 1612 quibusdam
595 1514 864 1601 Grammaticis,
890 1539 954 1585 nec
973 1507 1211 1586 adhibebatur
1223 1503 1269 1586 ad
1321 1513 1419 1584 nime
1447 1530 1566 1587 autem
1593 1515 1693 1586 decet
1712 1516 1953 1586 adolescentes
1975 1518 2180 1604 garrulitas,
2208 1545 2316 1612 prae-

278 1645 357 1691 eam
381 1620 499 1713 aliqua
522 1618 665 1691 dicendi
687 1618 910 1702 exercitatio,
935 1618 1012 1688 sine
1029 1641 1100 1711 qua
1117 1618 1269 1708 intelligi
1320 1617 1440 1688 sertim
1465 1617 1496 1688 ai
1518 1618 1849 1691 asseliantoranata
1867 1617 2073 1688 maioribus·
2123 1617 2245 1710 Quare
2261 1623 2316 1694 el'·

279 1747 355 1794 non
383 1734 508 1814 potest.
560 1717 708 1816 Physica
732 1721 857 1790 mutila
880 1733 974 1806 erat,
1005 1720 1152 1790 deerant
1173 1720 1268 1790 euim
1320 1719 1453 1802 ficiam,
1479 1743 1524 1788 ne
1543 1721 1600 1790 vel
1623 1743 1739 1789 mores
1761 1743 1858 1788 meos
1881 1721 1936 1788 vel
1952 1722 2152 1792 orationem
2167 1738 2313 1816 propter

279 1818 523 1908 Mathemata,
548 1845 590 1892 ex
613 1823 744 1916 quibus
759 1823 832 1892 lere
847 1843 972 1890 omnes
988 1821 1028 1890 iu
1041 1815 1192 1916 Physica
1206 1823 1271 1891 de·
1321 1820 1559 1911 prolixitatem
1581 1815 1860 1914 reprehendatis.
1912 1817 1960 1892 Et
1980 1836 2020 1894 ut
2039 1836 2190 1895 veterem
2204 1821 2311 1898 scho-

279 1925 556 2012 monstrationes
576 1939 778 1994 sumuntur.
831 1921 986 1993 Muralia
1009 1923 1213 1995 invaserant
1231 1923 1269 1992 in
1320 1923 1436 1992 larum
1459 1944 1815 2016 muremsequamnr,
1839 1947 2037 2016 proponam
2054 1927 2314 2020 quaestionem,

279 2029 537 2122 possessionem
560 2021 797 2114 Theologtae,
830 2023 878 2093 ita
901 2038 940 2094 ut
965 2038 1037 2095 tuta
1059 2025 1152 2095 ratio
1177 2025 1270 2096 vitae
1320 2047 1496 2118 quaenon
1507 2038 1579 2096 tam
1590 2019 1887 2095 habetdillicilem
1898 2023 2192 2118 disputationem,
2206 2053 2315 2128 quant

218 2149 234 2170 ⁸
277 2125 504 2200 Christianae
531 2125 642 2216 magis
670 2125 740 2194 iam
765 2149 784 2194 a
807 2119 1060 2219 Philosophia,
1093 2149 1200 2220 qoam
1224 2130 1269 2197 ab
1320 2128 1518 2218 exemplum
1539 2125 1639 2201 utile.
1689 2124 1841 2222 Zoylum
1862 2127 1983 2214 aiunt,
2015 2153 2096 2200 curn
2118 2132 2316 2224 scripsisset

278 2227 477 2320 Evangelio
506 2239 697 2317 peteretur.
747 2225 799 2297 lta
829 2241 925 2299 totus
955 2223 1085 2298 chorita
1110 2229 1270 2320 discipli·
1321 2225 1511 2298 irraledicos
1533 2227 1645 2298 libros
1668 2229 1836 2298 adversus
1858 2225 2076 2316 Humerum,
2100 2231 2238 2305 iudicio
2259 2249 2316 2307 to-

279 2355 408 2400 narum
434 2332 602 2400 confusus
623 2342 658 2400 et
673 2330 898 2421 perturbatus
913 2343 1001 2401 erat.
1052 2327 1157 2400 Nunc
1172 2345 1269 2424 post·
1320 2329 1390 2400 tius
1413 2327 1582 2400 Graeciae
1604 2329 1643 2399 in
1662 2324 1843 2424 Olympiis
1867 2333 1911 2400 de
1933 2355 2016 2402 saxo
2042 2334 2314 2426 praecipitatum

280 2457 388 2526 eptam
410 2434 616 2502 emendatae
638 2444 738 2512 som,
772 2445 807 2501 et
829 2455 893 2500 suo
916 2455 1075 2526 quaeque
1100 2430 1269 2524 disposita
1320 2455 1404 2502 esse.
1456 2428 1531 2502 Alii
1559 2445 1709 2502 narrant
1737 2431 1775 2502 in
1800 2455 1941 2504 crucem
1966 2447 2084 2506 actum
2110 2459 2196 2511 esse.
2248 2434 2315 2514 Est

279 2536 378 2619 loco,
403 2535 465 2603 ille
475 2535 584 2603 ardor
595 2535 812 2614 studiorum,
838 2533 899 2626 qui
914 2534 1188 2627 quondamsuit,
1212 2559 1270 2605 ee·
1321 2531 1631 2626 igiturQuaestiu:
1659 2528 1749 2604 Iure
1766 2554 1811 2604 ne
1823 2527 2007 2632 supplicio
2022 2534 2199 2636 capitali,
2221 2562 2315 2634 pro-

280 2637 508 2728 atinrtuaests
552 2633 742 2705 Neecausa
759 2647 810 2704 est
826 2635 907 2718 alia,
932 2635 1172 2720 meoiudicio,
1197 2637 1267 2705 nisi
1317 2632 1595 2732 pter-convicio,
1623 2629 1770 2728 Zoylus
1787 2627 2036 2738 offectussrl?
2084 2635 2311 2732 Acprimum

280 2739 377 2832 «prod
405 2737 455 2808 sic
484 2749 534 2807 est
556 2751 684 2808 natura
709 2731 919 2820 hominum,
953 2737 1147 2829 praesentia
1173 2739 1267 2808 bona
1321 2731 1406 2808 haec
1427 2737 1601 2808 acerbitas
1622 2737 1736 2808 videri
1758 2752 1871 2830 potest
1892 2738 2036 2812 iniusta.
2086 2739 2197 2832 Leges
2210 2743 2312 2814 enim

175 2919 177 2924 ¹
279 2841 370 2910 solet
391 2839 561 2912 fastidire.
613 2837 682 2911 Sed
707 2839 734 2907 si
760 2839 849 2928 grati
865 2837 940 2908 Deo
963 2840 1076 2910 videri
1093 2841 1268 2933 cupimus,
1321 2863 1393 2909 non
1412 2839 1568 2930 puniunt
1584 2839 1763 2919 convicia,
1790 2840 1828 2910 io
1844 2842 2074 2932 paresdicta,
2097 2845 2314 2935 capitalibus

278 2966 299 3012 a
327 2945 400 3035 qtao
432 2936 518 3011 haee
549 2940 707 3030 iugentia
735 2939 829 3010 bona
861 2942 903 3010 ad
931 2965 995 3012 nos
1019 2957 1269 3034 pervenerunt,
1320 2941 1454 3034 poenis.
1503 2937 1595 3011 Cum
1619 2941 1714 3010 enim
1737 2941 1863 3012 debeat
1885 2965 1958 3012 esse
1980 2947 2163 3036 proportio
2182 2943 2315 3020 Arith-

277 3043 437 3136 profecto
460 3045 577 3112 danda
597 3057 649 3114 est
669 3065 794 3135 opera,
818 3066 864 3111 ne
879 3067 918 3112 ea
936 3045 1198 3136 comtempsisse
1213 3046 1269 3114 vi·
1320 3043 1443 3112 metica
1473 3042 1594 3112 donini
1619 3056 1654 3113 et
1675 3067 1828 3134 poenae,
1868 3067 1933 3115 uec
1955 3045 2113 3117 convicia
2137 3049 2312 3120 damnum

278 3147 439 3216 deamur.
491 3143 676 3234 Quaedam
697 3143 837 3236 pietatis
860 3168 940 3234 pars
959 3145 1046 3226 erit,
1079 3167 1268 3234 agnoscere
1318 3144 1411 3214 vitae
1441 3143 1609 3231 afferant,
1641 3167 1757 3237 poena
1785 3147 1891 3217 etiam
1923 3171 1998 3218 non
2026 3149 2131 3220 debet
2154 3175 2231 3222 ease
2252 3177 2314 3224 ca-

279 3243 444 3316 coelestia
464 3267 631 3329 mernere,
653 3269 765 3338 eaque
786 3257 863 3314 tum
884 3245 1062 3331 excolere,
1086 3261 1162 3318 tum
1180 3271 1266 3316 eon-
1318 3246 1449 3339 pitalis.

279 3369 430 3420 servare.
488 3343 606 3441 Atque
629 3341 698 3416 hoc
719 3369 795 3415 non
815 3347 923 3416 modo
946 3359 1065 3417 nostra
1089 3371 1191 3419 causa
1213 3351 1268 3420 la-
1419 3345 1558 3418 Deinde
1572 3346 1934 3442 neinioriaeqoidem
1945 3351 2206 3440 existimantur,
2226 3379 2310 3426 cnm

279 3447 446 3518 ciendum
460 3461 522 3533 est,
547 3449 607 3517 sed
624 3448 795 3542 debemus
809 3441 903 3517 hanc
918 3471 1061 3544 operam
1075 3447 1267 3543 Reipubli-
1317 3471 1390 3520 non
1416 3473 1532 3520 mores
1554 3462 1616 3520 aut
1636 3449 1801 3520 voluntas
1818 3451 2061 3542 vituperatur,
2086 3457 2147 3524 sed
2166 3457 2311 3527 artificis

279 3571 340 3619 rae
362 3572 403 3619 ae
419 3549 606 3620 universae
619 3550 827 3642 posteritati.
878 3547 969 3620 Nam
983 3551 1021 3620 in
1036 3546 1103 3621 bac
1115 3554 1267 3624 statione
1318 3552 1456 3623 inscitia
1472 3547 1758 3643 reprehenditur.
1807 3549 1920 3624 Porro
1933 3553 2068 3650 Zoylus
2080 3581 2220 3628 carmen
2230 3556 2310 3629 Hu-

278 3651 466 3722 collocavit
490 3675 559 3722 nos
576 3649 735 3742 Respub.
760 3665 800 3723 ut
828 3663 920 3722 artes
952 3653 995 3721 ad
1028 3654 1137 3723 vitam
1159 3653 1267 3726 utiles
1316 3654 1405 3723 meri
1429 3656 1587 3738 taxabat,
1611 3653 1782 3723 nuncius
1804 3659 2136 3728 muresautvitam.
2187 3657 2312 3750 Quare

277 3772 540 3825 conservemus.
600 3752 673 3823 Nec
694 3767 791 3846 putet
813 3775 849 3822 se
872 3754 909 3822 in
934 3777 973 3822 re
993 3777 1100 3845 parva
1123 3757 1265 3827 delrau·
1319 3755 1459 3826 videtur
1473 3755 1604 3826 iniuste
1621 3769 1765 3826 necatus
1782 3779 1880 3830 esse(

277 3851 670 3946 dassellempublicam,
694 3857 725 3926 si
741 3856 822 3948 quis
837 3855 1056 3946 negligenter
1069 3857 1265 3928 lecitsuum
1419 3856 1489 3928 Sed
1519 3883 1592 3927 ιιοιι
1622 3869 1673 3928 est
1694 3857 1882 3941 credibile,
1919 3856 2091 3930 Graecam
2115 3859 2311 3947 nationem,

275 3955 447 4029 cilicium.
498 3954 611 4028 Debet
634 3958 877 4051 unusquisque
893 3955 1152 4030 Paterfamilias
1176 3959 1266 4032 libe-
1316 3983 1384 4054 qua
1401 3955 1494 4028 nihil
1509 3960 1578 4031 suit
1595 3953 1799 4043 humanius,
1827 3973 1859 4030 et
1877 3985 1966 4056 quae
1981 3959 2179 4030 libertatem
2193 3962 2234 4032 in
2250 3989 2310 4034 re-

276 4056 329 4126 ris
347 4057 438 4144 suis,
462 4071 504 4130 ut
523 4058 637 4151 magia
653 4053 723 4130 hoc
737 4059 921 4150 publicum
937 4061 1193 4150 patrimonium
1208 4085 1266 4132 re-
1315 4055 1552 4154 prelteusione
1574 4061 1747 4130 artificum
1772 4061 1927 4134 faciliore
1947 4061 2049 4144 tulit,
2086 4076 2218 4133 temere
2240 4060 2312 4138 boc

275 4157 440 4252 linquere
453 4160 609 4240 studeat,
635 4183 742 4254 quam
759 4161 942 4252 proprium
956 4161 1122 4238 lttndnro.
1172 4162 1263 4234 Nam
1315 4163 1535 4254 exernplom,
1559 4175 1632 4234 tam
1646 4163 1878 4233 memorabile
1900 4165 1939 4234 in
1958 4163 2110 4258 Zuylum
2131 4166 2310 4242 statuisse.

273 4261 433 4351 privatae
451 4282 509 4330 res
524 4262 656 4344 teneri,
680 4262 749 4331 nisi
766 4259 964 4354 Republica
982 4264 1074 4334 bone
1090 4268 1264 4336 constitu·
1318 4263 1440 4358 ltaque
1467 4263 1629 4334 existimo
1661 4286 1721 4333 eos
1744 4258 1810 4334 hac
1832 4267 1970 4337 ratione
1993 4279 2107 4335 rnutos
2129 4290 2222 4338 esse:
2258 4266 2309 4340 Ut

274 4375 329 4448 ta,
355 4385 429 4434 non
446 4376 604 4454 possunt.
832 4432 833 4436 ,
1004 4383 1010 4396 ·
1314 4365 1474 4436 convicia
1513 4363 1645 4459 quibus
1680 4365 1835 4436 laeditur
1865 4373 2028 4439 maiestas
2059 4367 2224 4458 imperii,
2271 4387 2309 4444 et

377 4461 476 4534 lla‘ee
495 4463 576 4534 ideo
599 4465 673 4535 dixi
697 4464 861 4557 pluribus
875 4465 1014 4552 verbis,
1038 4480 1079 4538 ut
1093 4465 1169 4549 illi,
1200 4469 1263 4562 qui
1315 4467 1540 4558 Principum,
1561 4466 1703 4557 capitali
1724 4467 1899 4560 supplicio
1924 4469 2141 4558 puniuntur:
2171 4469 2221 4542 lta
2241 4497 2310 4564 pe-

273 4579 455 4660 praetextu
469 4563 656 4655 Evangelii
675 4568 789 4638 bonas
804 4581 896 4640 artes
910 4583 1163 4661 aspernantur,
1186 4593 1264 4640 me-
1313 4570 1464 4640 tulantia
1490 4569 1526 4637 in
1551 4563 1854 4660 reprehendendis
1873 4573 2008 4644 artibus
2023 4589 2085 4644 aut
2101 4573 2310 4644 excellenti-

274 4665 465 4752 minerint,
504 4669 535 4738 si
554 4665 742 4760 Evangelii
768 4670 918 4760 gloriam
938 4673 1093 4762 graviter
1112 4671 1262 4747 laedere.
1313 4671 1381 4742 bus
1396 4671 1606 4756 artificibus,
1631 4670 1790 4762 capitalis
1803 4695 1878 4744 esse
1891 4674 2080 4745 iudicanda
2094 4689 2159 4746 est.
2212 4674 2308 4747 Nam

271 4763 352 4838 Hoc
374 4770 488 4840 multo
505 4771 617 4862 magis
631 4773 730 4843 decet
744 4765 984 4856 Christianos,
1010 4769 1076 4844 Dei
1093 4773 1187 4842 dona
1200 4797 1263 4842 ve-
1311 4787 1345 4844 et
1366 4785 1458 4844 artes
1477 4775 1520 4842 ad
1547 4771 1687 4864 imperii
1711 4773 1891 4862 fastigium
1913 4775 2110 4869 pertinent,
2135 4789 2176 4847 ut
2199 4777 2309 4869 leges.

271 4871 410 4950 nemci,
434 4871 557 4966 eisque
578 4895 659 4943 eum
681 4875 873 4964 gratiarum
892 4875 1049 4962 actione,
1073 4871 1261 4944 utPaulus
1310 4873 1404 4946 Sunt
1426 4873 1523 4944 enim
1542 4874 1658 4962 legum
1681 4873 1809 4948 fontes.
1860 4875 1970 4950 lleete
1993 4875 2103 4966 igitur
2119 4877 2307 4951 iudicave-

59 5051 62 5056 .
189 5005 216 5048 ,r
271 4969 410 5064 inquit,
442 4973 507 5043 uti.
558 4973 690 5046 Precor
708 4987 825 5046 autem
845 4969 1046 5055 Christum.
1077 4987 1118 5045 ut
1142 4977 1259 5047 studia
1308 4973 1541 5062 runtGraeei,
1559 4974 1713 5070 Zoylum
1723 4989 1893 5072 tauquam
1903 5003 2001 5051 reum
2014 4982 2126 5050 laesae
2135 4981 2306 5054 maiesta-

270 5085 394 5142 nostra
415 5075 460 5142 ad
476 5075 665 5148 utilitatem
681 5076 860 5170 publicam
877 5079 1068 5168 gubernet,
1093 5090 1128 5148 et
1144 5079 1260 5148 bonas
1307 5079 1371 5160 tis,
1396 5077 1525 5148 ultimo
1540 5077 1715 5170 supplicio
1732 5079 1960 5150 afficiendum
1974 5103 2067 5165 esse,
2088 5085 2301 5172 praesertim

267 5187 363 5246 artes
382 5189 584 5262 conservet,
604 5178 776 5272 quoniam
792 5191 832 5249 ut
847 5179 982 5270 abipso
996 5191 1158 5250 ostensae
1173 5195 1258 5252 sunt
1305 5203 1387 5250 cum
1403 5179 1441 5250 id
1455 5180 1494 5249 in
1506 5191 1607 5250 tanto
1621 5194 1800 5252 conventu
1814 5181 1923 5254 totius
1933 5180 2106 5255 Graeciae
2119 5185 2164 5253 ad
2181 5209 2304 5256 uem-

264 5270 424 5347 lsumano
439 5277 580 5368 genem,
600 5278 649 5350 ita
663 5277 882 5370 conservari,
906 5279 976 5352 uisi
990 5280 1165 5355 divinitus
1179 5303 1255 5354 non
1303 5284 1403 5374 plum
1426 5281 1629 5374 pertineret.
1684 5275 1773 5354 Erat
1794 5283 1891 5354 enim
1913 5287 2092 5356 moriende
2115 5285 2301 5374 iuventus,

261 5392 422 5470 possum.
1272 5356 1281 5472 l
1301 5405 1349 5473 ue
1369 5381 1596 5458 malediceret
1615 5381 1770 5472 artibus,
1792 5397 1854 5460 aut
1877 5387 2130 5463 excellentibus
2148 5389 2300 5464 adlici-
