4896 5974
136 229 215 306 497
260 341 265 352 ‚

136 404 209 478 Sed
224 431 247 477 o
262 428 425 477 censores
441 429 582 499 asperos
594 423 630 482 et
644 433 847 504 pergraves,

137 506 214 598 Qui
228 512 326 604 quod
341 503 611 616 reprehendunt
626 515 666 582 iu
682 509 819 584 theatro
835 516 967 588 ludunt
982 517 1093 588 domi.

135 607 187 684 Et
200 612 322 684 curios
334 612 524 702 simulant,
549 615 679 687 vivunt
693 611 935 706 bacchanalia,
1064 619 1067 630 ’

132 711 436 810 Ludunt'poe'tae.
486 715 537 788 At
550 717 651 789 lusus
667 717 722 787 illi
737 719 827 790 seria

133 815 303 906 Ducunt,
328 817 507 912 simulque
522 844 664 892 morum
678 822 825 896 tradunt
844 823 979 914 optima

135 919 243 993 Vitae
259 934 461 1014 praecepta,
485 937 527 993 ut
540 917 633 992 nihil
650 923 778 994 melius
792 921 907 996 Solon

133 1023 213 1097 Aut
226 1025 384 1096 sanctius
399 1023 529 1096 tabulis
547 1026 767 1116 inscripserit
784 1029 914 1102 aeneis.

133 1129 207 1198 Sed
223 1151 386 1220 asperam
399 1139 517 1196 tamen
533 1127 701 1198 virtutem
718 1130 893 1202 condiunt

134 1225 419 1303 lucuutlioribus
432 1227 628 1316 illecebris,
653 1244 693 1301 ut
708 1233 825 1305 solent

134 1331 276 1404 Medici
292 1331 412 1404 daturi
431 1333 551 1422 pueris
565 1347 653 1404 tetra
669 1329 870 1427 absynthia,

133 1432 229 1507 Cum
244 1435 351 1506 melle
366 1431 464 1506 dulci
479 1447 513 1504 et
531 1459 671 1506 saccaro
688 1436 831 1507 irritant
849 1438 979 1526 gulam.

133 1537 328 1613 Facessaut
343 1539 426 1628 ergo
441 1535 557 1632 iniqui
573 1539 708 1634 iudices
724 1535 809 1608 hinc
821 1539 946 1630 procul

133 1637 185 1713 Ut
201 1642 434 1736 aequioribus
449 1642 631 1731 spectandi
649 1644 735 1736 dent
748 1642 877 1712 locum.

132 1739 212 1815 Nos
224 1745 361 1838 publici
378 1742 563 1836 nostrique
580 1767 684 1814 causa
700 1733 879 1813 commodi

134 1845 395 1919 Terentianum
410 1869 553 1936 agemus
569 1839 787 1916 Eunuchum
802 1849 923 1924 modo,
999 1858 1003 1870 ’

135 1948 219 2038 Qua
234 1951 426 2042 barbaram
440 1944 639 2019 Thrasonis
653 1949 892 2037 arrogantiam

136 2051 358 2148 Factumque
371 2053 515 2122 inanem
533 2050 670 2124 irridet.
721 2048 792 2120 Hic
806 2064 857 2121 est
874 2069 1016 2119 cernere

135 2153 295 2228 Perinde
312 2181 353 2226 ac
365 2158 405 2224 iu
422 2153 566 2246 speculo
580 2153 805 2232 ardalionum
820 2155 1023 2242 imaginem,

137 2256 214 2348 Qui
231 2259 392 2331 caudices
406 2255 579 2351 fungique
593 2279 674 2326 cum
691 2256 781 2325 meri
801 2257 903 2336 sicut,
936 2269 940 2278 '

137 2359 281 2432 Primas
295 2357 413 2432 tamen
427 2359 496 2430 sibi
511 2383 630 2429 rerum
647 2358 781 2452 ubique
797 2359 999 2429 vendicant.

136 2461 341 2538 Proventus
355 2458 465 2534 huius
479 2463 618 2552 generis
633 2471 686 2532 cst
704 2461 907 2534 uberrimus

136 2565 220 2638 Hoc
235 2567 375 2648 seculo,
400 2589 481 2636 cum
496 2587 533 2634 se
547 2564 653 2635 titulo
672 2563 875 2654 sapientiae,

138 2671 331 2743 Musarum
346 2668 480 2762 ubique
497 2667 703 2752 venditant,
729 2661 848 2737 hostes
862 2663 929 2736 feri

137 2769 333 2868 Prophaua
352 2757 546 2864 divinaque
559 2771 707 2840 miscent
724 2769 857 2842 omnia.

137 2875 218 2950 Vos
232 2899 316 2968 ergo
332 2874 465 2959 favete,
490 2885 701 2964 spectatores
716 2871 855 2964 optimi,

138 2975 318 3052 Adsertor
331 2977 430 3050 utilis
444 2989 479 3048 ει
497 2975 653 3047 iucunda
667 2975 801 3046 fabula.
892 3053 901 3070 .

934 3195 1130 3210 ...σο-ἠ*

169 3357 236 3430 Νο.
253 3353 315 3430 44.

152 3453 321 3486 *συν
352 3439 355 3442 ’

927 3349 993 3430 (an.
1010 3348 1120 3430 1525.)

863 3449 864 3452 ,
917 3440 1133 3494 m

213 3580 244 3634 lu
258 3573 394 3647 isra-agina
404 3573 496 3630 Sacer.
512 3579 538 3626 et
550 3569 578 3624 iu
592 3582 654 3638 opp.
668 3564 730 3620 Bra.
747 3563 781 3619 T.
795 3561 829 3620 V.
848 3581 874 3636 p.
886 3561 948 3619 828.
972 3559 1054 3632 Apud
1069 3557 1136 3614 Vin.

182 3651 186 3658 '
245 3646 367 3704 centium
388 3663 415 3717 p.·
431 3641 488 3698 ttt.
587 3641 591 3648 '
698 3675 701 3684 .

227 3779 229 3785 Ι
344 3821 522 3917 Prologus
546 3763 588 3890 ea
611 3814 773 3889 militem
797 3810 941 3882 Plauti.

147 3981 293 4053 Deserta
310 3995 413 4044 scena
429 3984 463 4042 ει
478 3982 575 4040 muta
593 3961 804 4060 aliquandiu
819 3961 925 4048 stetit,

146 4083 316 4176 Salesque
330 4073 559 4156 refrixerant,
585 4083 620 4140 et
634 4065 761 4138 comici
778 4063 858 4148 ioci,

145 4183 240 4260 Cum
254 4177 401 4254 barbari
417 4175 621 4246 obruissent
635 4168 792 4245 tenebris
807 4167 938 4246 literas,

144 4289 216 4362 Sed
226 4279 266 4383 *)
281 4295 469 4378 postquam
486 4287 591 4368 caput
610 4274 751 4364 erigunt
766 4269 980 4348 comoediae,

143 4391 277 4462 Favete
291 4406 422 4480 quaeso
436 4381 475 4450 iu
492 4379 608 4448 lucem
625 4387 665 4446 ut
679 4397 749 4445 uua
766 4373 926 4464 prodeat,
1035 4442 1040 4455 .

145 4494 332 4564 Praestare
348 4487 387 4556 id
402 4505 553 4578 aequum
572 4493 640 4562 est,
666 4501 730 4546 vos
745 4475 877 4570 qulbus
892 4474 989 4565 ipsae
1005 4469 1129 4546 literae

149 4596 281 4688 lugens
296 4593 403 4662 decos
417 4593 601 4678 peperere,
626 4579 699 4652 Nec
715 4577 946 4660 committere,

147 4697 278 4770 Audax
292 4705 334 4766 ut
348 4691 552 4781 inceptum,
577 4705 618 4752 ac
636 4703 770 4753 novum
787 4679 907 4748 fraudi
922 4677 989 4749 siet

148 4799 284 4879 Nobis,
311 4815 413 4864 amor
428 4812 519 4884 quos
535 4787 719 4856 literarum
734 4781 901 4874 perpulit,

148 4903 341 4976 Renovare
353 4893 510 4989 priscum
528 4911 682 4970 morem,
708 4897 743 4956 et
758 4879 826 4954 hoc
841 4883 1039 4974 spectaculo

136 5005 273 5077 ‘Ludos
289 5003 426 5078 lacere,
453 4989 540 5064 haec
556 5003 598 5060 ιιι
613 4988 750 5072 studia,
777 5000 811 5058 et
827 4999 922 5058 aetas
940 4989 1130 5078 postulant.

150 5109 326 5200 lllamque
342 5123 407 5172 vos
422 5099 520 5168 decet
530 5095 652 5164 lavore
669 5082 847 5182 piosequi.

150 5211 282 5283 Audite
293 5201 447 5278 uuuc'iu
464 5221 533 5296 qua
548 5195 699 5266 velimus
715 5191 836 5262 tabula

153 5369 355 5384 *η-ΰ

184 5453 217 5516 η
236 5449 300 5505 llas.
320 5444 379 5501 Sed
395 5427 472 5498 haas

27 5591 35 5604 .
153 5533 333 5599 lllruaxru.
350 5528 456 5590 Orru.
473 5521 553 5586 Vos.
569 5517 614 5584 X.

881 227 1207 319 CARMINUM
1257 239 1365 320 LlB.
1392 241 1421 318 1.

2101 249 2177 324 498

1188 413 1319 487 Facere
1333 413 1484 486 actionis
1499 407 1567 485 hoc
1583 415 1662 486 loco
1676 414 1887 510 periculum.
1921 485 1924 490 .

1189 516 1369 589 Germana
1384 515 1503 590 Plauti
1520 530 1573 588 est
1587 539 1694 611 quam
1712 521 1819 590 modo
1835 516 2092 602 exhibebimus.

1187 619 1299 690 Cuius
1316 619 1476 690 serebant
1490 645 1552 690 ore
1566 619 1821 690 facundissimo

1187 721 1312 793 Musas
1325 721 1435 792 fuisse
1449 721 1603 792 libenter
1617 746 1743 792 usuras
1757 725 1868 813 probe

1187 824 1227 897 si
1244 825 1389 918 quando
1405 825 1604 894 decressent
1619 825 1728 895 latine
1747 825 1876 899 dicere.
1967 865 1973 877 ι

1186 925 1397 1020 Nomenque
1410 926 1493 998 fecit
1508 927 1701 1016 gloriosum
1721 926 1872 998 militem

1127 1103 1131 1112 ,
1186 1027 1295 1100 Poeta
1309 1029 1470 1110 fabulae,
1496 1042 1742 1118 argumentum
1759 1053 1801 1098 ex
1816 1030 1958 1100 servulo

1189 1130 1418 1222 lutelligetis,
1443 1131 1505 1202 illc
1521 1130 1671 1222 sumpsit
1684 1124 1753 1201 hoc
1767 1131 1848 1216 sibi,

1187 1231 1237 1304 Ut
1252 1245 1373 1302 narret
1388 1233 1462 1325 ipse
1469 1285 1482 1319 ,
1509 1258 1595 1304 nam
1609 1232 1862 1326 crepitaculum
1880 1247 1933 1304 est
1948 1257 2099 1326 merum,

1188 1334 1296 1424 Quod
1311 1359 1387 1404 uon
1402 1335 1543 1406 molesti
1560 1335 1615 1404 bis
1631 1358 1772 1420 sumus,
1796 1329 1889 1404 mihi
1903 1338 2050 1426 gratiam

1125 1435 1129 1440 ’
1187 1435 1354 1523 Debetis,
1379 1437 1474 1508 ultro
1489 1437 1554 1530 qui
1570 1437 1713 1530 loquaci
1727 1437 1870 1508 servulo

1187 1537 1297 1610 Cessi.
1349 1537 1419 1610 Sed
1438 1563 1516 1610 ecce
1533 1538 1683 1610 militem
1699 1539 1907 1630 delegimus,

1188 1641 1291 1714 Utin
1308 1637 1377 1711 hoc
1393 1643 1560 1713 iuventus
1573 1653 1694 1710 nostra
1708 1642 1874 1733 inspiciat
1890 1643 2016 1712 sedulo

1188 1740 1422 1836 Exemplum,
1450 1758 1485 1816 et
1499 1745 1681 1816 intueatur
1694 1739 1754 1814 hic
1770 1743 1962 1834 imaginem
2046 1788 2051 1800 ι

1189 1844 1341 1918 Perinde
1353 1871 1394 1918 ac
1410 1847 1449 1918 iu
1465 1847 1597 1918 tabella
1610 1841 1861 1916 'adumbratam
1877 1867 1989 1917 suam.

1187 1948 1260 2019 Nec
1273 1949 1328 2019 lac
1342 1946 1438 2020 euim
1454 1949 1558 2030 laeti,
1584 1972 1650 2018 uec
1665 1973 1733 2018 ovo
1752 1961 1805 2018 est
1819 1971 1928 2017 ovum
1941 1949 2053 2038 magis

1189 2049 1335 2134 Simile,
1359 2049 1444 2122 huic
1459 2051 1581 2144 inepto
1597 2049 1706 2120 militi
1721 2073 1828 2143 quam
1846 2061 1930 2120 sunt
1947 2053 2055 2121 morlo

1189 2152 1357 2243 Quicum
1373 2153 1537 2226 meliores
1555 2153 1674 2224 literas
1689 2151 1890 2236 fastidiunt,

1148 2301 1150 2306 .
1188 2255 1324 2328 Rerum
1340 2257 1501 2326 omnium
1520 2269 1639 2326 tamen
1655 2253 1838 2324 scientiam
1855 2253 1925 2324 sibi

1188 2351 1369 2430 Audacter
1383 2371 1569 2448 arrogant,
1592 2371 1627 2428 et
1641 2357 1736 2444 iuter
1750 2355 1877 2448 pocula

1189 2457 1233 2530 lu
1249 2460 1484 2556 compitisque
1499 2459 1685 2530 venditant
1700 2481 1803 2528 suum
1821 2450 1952 2554 σοφός,
2059 2517 2066 2532 ,

1190 2561 1327 2654 Vulgus
1343 2557 1568 2655 prophanum
1583 2575 1617 2632 et
1632 2559 1857 2654 improbum,
1883 2573 1989 2653 atque
2004 2559 2106 2632 futile

1189 2661 1411 2752 Thrasones,
1435 2679 1542 2760 atque
1556 2661 1848 2759 Pyrgopolinices
1863 2663 1953 2732 meri

1077 2769 1082 2788 ⁸
1188 2767 1399 2858 Dignissimi
1416 2767 1497 2862 quis
1512 2767 1622 2836 latera
1637 2765 1724 2835 fiant
1736 2765 1845 2835 lorea.

1189 2868 1260 2942 Sed
1277 2893 1397 2940 eccum
1417 2869 1589 2952 militem,
1614 2867 1729 2937 favete
1746 2863 1936 2949 actoribus,
2043 2849 2051 2858 ’

1189 2969 1238 3044 Ει
1254 2965 1335 3045 daite
1353 2971 1532 3044 iuventuti
1550 2968 1731 3042 crescendi
1745 2967 1896 3062 copiam.

1954 3173 2183 3188 ‘um

1215 3309 1282 3382 No.
1299 3307 1362 3384 45.

1200 3405 1370 3436 m

1979 3309 2045 3388 (an.
2063 3312 2174 3395 1525.)

1976 3401 2186 3440 Μ

1262 3525 1343 3598 Apud
1364 3521 1522 3587 serarium
1547 3520 1613 3575 item
1632 3521 1662 3574 iu
1683 3537 1746 3592 opp.
1763 3521 1824 3576 Bas.
1843 3518 1878 3575 Τ.
1895 3519 1928 3578 V.
1944 3540 1972 3593 p.
1984 3523 2047 3584 829.
2071 3537 2130 3586 cta
2151 3531 2187 3586 ud

1295 3593 1420 3651 vincant.
1438 3610 1463 3664 p.
1479 3591 1537 3645 tas.
1688 3620 1691 3632 ·
2132 3547 2148 3602 Ρ

1191 3785 1197 3805 .
1303 3837 1307 3842 Ι
1361 3747 1537 3843 Panopae
1559 3748 1602 3816 ιη
1624 3741 1814 3816 Andricus
1839 3747 2020 3817 Terentii.

1193 3902 1344 3982 Vestrae
1354 3897 1526 3992 periclum
1544 3895 1691 3966 lecimus
1706 3895 1898 3986 patientiae
2032 3955 2036 3962 .

1192 4003 1283 4076 Cum
1302 4023 1417 4094 nuper
1434 3999 1473 4068 in
1488 4021 1591 4068 scena
1610 3992 1837 4068 exhibuimus
1851 3995 2015 4066 militem.

1193 4106 1415 4197 Animosque
1428 4101 1535 4172 uobis
1549 4099 1687 4171 addidit
1704 4111 1818 4168 vester
1833 4100 1945 4183 lavor,

1193 4209 1243 4282 Ut
1260 4231 1334 4277 uon
1351 4207 1528 4300 patiamur
1545 4224 1686 4272 scenam
1703 4200 1945 4284 consilescere,
2144 4279 2154 4292 ⁶

1194 4311 1265 4384 Sed
1280 4333 1325 4379 ιιε
1341 4307 1481 4376 mirere.
1535 4301 1636 4404 Quid
1652 4327 1803 4398 pompae
1820 4299 2034 4393 Teologicae
2131 4365 2134 4374 ,
2195 4321 2200 4330 ·

1193 4411 1285 4485 Cum
1303 4409 1446 4480 comicis
1462 4405 1572 4477 iocis?
1597 4429 1715 4480 merae
1731 4419 1816 4476 suut
1828 4403 1981 4486 fabulae,
2028 4397 2036 4418 ⁸

1196 4515 1238 4586 lu
1254 4512 1402 4606 pulpitis
1414 4505 1490 4606 ut¹)
1506 4510 1658 4599 agebant
1673 4503 1781 4578 hodie
1798 4501 1985 4596 Theologi,
2122 4502 2124 4510 ’

1193 4615 1241 4689 Ει
1255 4609 1479 4686 chirothecae
1494 4625 1528 4681 et
1543 4611 1670 4682 annuli
1688 4621 1771 4682 suut
1785 4607 1939 4691 fabulae,

1195 4719 1336 4790 Nomen
1350 4713 1517 4806 Magistri
1533 4713 1645 4784 nostri
1665 4711 1770 4802 plane
1784 4709 1937 4790 fabulae,

1195 4821 1380 4892 Postremo
1397 4818 1460 4914 qui
1476 4815 1648 4888 conduxit
1661 4811 1689 4907 ²)
1710 4837 1853 4906 operam
1871 4807 1979 4881 huius
1994 4809 2108 4900 gregis

1197 4920 1406 5013 Theologus
1417 4935 1486 5006 est,
1514 4941 1649 5012 suoque
1665 4917 1767 4986 iussit
1783 4911 1942 4983 fabulam

1196 5025 1376 5096 Prolixior
1390 5037 1430 5094 ut
1444 5023 1536 5094 risus
1552 5021 1644 5091 locet
1666 5016 1878 5109 praescripto
1896 5015 1963 5102 agi,
2016 5065 2021 5076 .

1197 5125 1247 5200 Ut
1262 5139 1302 5196 ut
1318 5125 1556 5216 placebimus,
1581 5117 1751 5214 imputari
1768 5117 1845 5188 vult
1860 5117 1940 5190 sibi.

1199 5279 1420 5296 Μ

1235 5353 1264 5414 1)
1284 5351 1326 5414 ιιι]
1345 5347 1405 5405 Bas.
1423 5361 1502 5415 quos.

1232 5435 1265 5497 ἲ)
1285 5432 1346 5488 Βιι.
1365 5429 1501 5486 εειιιιιείι.
