4888 5962
113 222 198 298 rev
714 219 1577 314 ouansr101vnsacannutoan.
2048 235 2050 242 ’
2084 255 2161 330 790

220 393 532 515 Ruuntimpcria,
560 392 780 514 dissipantur
792 393 968 516 homines,
993 398 1123 510 distra—
1170 393 1395 490 blasphemas
1409 403 1597 496 opiniones
1614 423 1818 484 constanter
1840 415 2011 493 damnare
2025 435 2059 494 ct
2075 449 2157 498 exe-

112 495 257 572 huntnr
279 518 468 584 coniuges,
503 496 710 570 avelluntur
730 497 835 569 lebera
857 523 879 568 a
903 503 1122 591 parentibus,
1168 503 1260 572 erari
1279 503 1389 576 dccet.
1839 567 1844 576 .

112 627 195 673 curn
213 599 324 671 irenis
340 598 551 688 disciplinae
574 599 717 685 laxetis,
741 601 991 694 obtemperant
1006 628 1120 674 mem·
1269 600 1411 676 Deinde
1432 623 1466 679 et
1490 604 1559 680 hoc
1582 612 1802 686 invocationi
1830 634 1972 692 nostrae
1994 647 2153 701 neccssa-

110 705 178 776 bra
193 701 591 791 caecis'cupiditatibus.
642 699 816 793 Exempla
837 705 1117 778 suntSodomo-
1165 703 1259 774 rium
1278 712 1449 790 est,scire
1466 713 1690 784 liberrimum
1705 740 1811 806 agens
1827 720 2026 794 esseDeum
2059 733 2134 802 mul

108 831 224 926 rnen,
239 800 471 924 Thebarum,
495 803 627 888 Troiae
653 817 688 875 et
708 805 945 897 plurimorum
969 809 1114 878 urbium
1164 819 1220 876 tos
1236 803 1423 882 hominurn
1448 829 1564 886 ructus
1582 817 1764 888 liberrime
1780 843 1842 892 sua
1861 825 2020 898 bonitate
2036 777 2153 905 hura:

108 912 259 982 excedra.
311 909 483 1000 Demque
505 905 779 998 conspiciuntur
801 909 1115 984 omnibusaetati·
1163 932 1222 994 re,
1255 911 1367 982 multa
1397 916 1493 986 et'iu
1518 921 1662 990 materia
1684 925 1862 994 moderari
1938 953 1977 998 ro
2005 945 2058 1002 ter
2218 931 2225 938 '

108 1011 304 1086 busmnlta
320 1009 524 1081 testimonia
542 1004 649 1080 huius
665 1009 781 1080 divini
796 1011 934 1082 iudicii.
1161 1025 1270 1082 stram
1291 1013 1566 1089 invocationem.
1872 953 1936 1020 ’p
1980 955 2002 1022 p
2084 961 2152 1008 ΠΟ.

213 1112 263 1233 ,Ut
273 1125 396 1232 autern
409 1111 511 1231 prius
526 1113 570 1182 dc
588 1105 734 1182 homine
749 1113 877 1196 dicam,
896 1097 1013 1207 q'ualis
1027 1112 1112 1182 reli·
1265 1111 1317 1184 Ac
1335 1115 1575 1190 invocandum
1595 1145 1760 1194 essenon
1778 1127 1885 1198 modo
1907 1144 1948 1203 ut
1962 1131 2075 1208 Stoici
2092 1143 2150 1210 (Γ-

108 1215 418 1314 quasrtlrhertas,
445 1236 521 1306 rpsa
540 1213 784 1296 membrorum
802 1229 1006 1286 nostrorum
1024 1240 1113 1286 con·
1160 1215 1286 1286 cebant
1309 1213 1546 1316 εὐχαριστίας
1567 1221 1692 1310 ἕνεκα,
1728 1229 1825 1320 quod
1853 1232 2005 1321 speciem
2028 1167 2131 1312 ,emi

106 1319 277 1394 sideratio
295 1318 462 1388 ostendit.
501 1313 1109 1406 Universnliterduaesuntguber-
1158 1331 1229 1400 ret,
1256 1320 1316 1400 sed
1332 1321 1436 1392 etiam
1448 1320 1577 1419 χρείας
1590 1323 1708 1399 ἕνεκα.
1762 1325 1839 1400 lmo
1857 1334 1901 1404 ad
1917 1335 2065 1423 gloriam
2079 1288 2147 1414 De:

105 1422 265 1498 nationis
282 1421 433 1490 formae:
461 1413 584 1489 Altera
607 1413 825 1513 δεσποτικὴ,
853 1421 910 1490 cni
933 1420 1111 1492 serviliter
1158 1418 1406 1492 illustrandum
1422 1427 1594 1516 pertinet,
1619 1431 1744 1513 fateri,
1771 1455 1837 1500 nos
1854 1435 2011 1527 indigere
2025 1468 2047 1511 o
2074 1373 2148 1520 eei

105 1528 387 1616 obtemperatur.
444 1516 567 1592 Altera
588 1516 756 1614 πολιτικὴ
765 1572 777 1606 ,
814 1545 905 1615 quac
923 1523 1109 1592 suadendo
1157 1522 1290 1592 arrxilio
1309 1519 1397 1608 Dei,
1422 1528 1584 1600 etaDco
1602 1534 1810 1604 ardentibus
1826 1537 1917 1608 votis
1944 1469 2071 1630 peterd>
2104 1563 2146 1621 ut

106 1629 209 1718 regit.
260 1623 336 1696 Hes
360 1624 450 1693 duas
475 1623 607 1694 formas
630 1618 818 1692 hominum
842 1637 991 1694 naturae
1012 1621 1110 1715 Deus
1156 1622 1331 1700 iuvemur.
1384 1627 1518 1700 Melius
1545 1632 1656 1722 igitur
1688 1637 1778 1706 dixit
1802 1633 1982 1712 Homerus
2063 1596 2165 1720 iram!

106 1732 216 1802 initio
240 1726 428 1818 impressit.
481 1727 656 1796 Voluntas
683 1725 835 1816 imperat
860 1725 1108 1812 locomotivac,
1156 1725 1284 1796 Stoici:
1315 1726 1527 1822 Εὔχεσθαι,
1554 1727 1689 1816 πάντες
1709 1731 1752 1808 δὲ
1767 1737 1864 1810 θεοῦ
1872 1673 2061 1833 χατέοααξι
2076 1749 2145 1824 ἄγ-

107 1834 208 1904 velut
221 1827 328 1902 herus
343 1852 464 1913 servo,
489 1829 550 1898 sed
568 1851 630 1898 cor
648 1829 830 1898 suadendo
849 1827 950 1917 regit.
1155 1825 1315 1921 θρωποι.
1369 1832 1449 1902 Sed·
1465 1859 1531 1904 nos
1554 1839 1804 1926 promissiones
1824 1843 1961 1935 abipso
1980 1845 2056 1920 Deo
2083 1877 2144 1922 ae..

210 1933 402 2027 Postquam
425 1944 544 2001 autem
572 1924 760 2000 harmonia
784 1929 917 1999 virium
942 1930 981 1998 in
1006 1928 1107 2020 lapsu
1154 1941 1277 2016 terno,
1300 1933 1573 2024 patreDomini
1599 1941 1713 2010 nostri
1734 1941 1811 2010 lesu
1833 1939 1968 2018 Christi
2007 1929 2142 2024 condi.

102 2037 306 2132 primorum
324 2046 512 2126 parentum
527 2033 654 2102 amissa
671 2046 741 2113 est,
768 2055 866 2102 nunc
889 2032 1105 2122 experientia
1154 2044 1231 2101 tore
1251 2036 1391 2123 generis
1414 2031 1584 2123 humani,
1612 2039 1789 2113 Ecclesiae
1811 2047 1957 2118 traditas
1974 1998 2120 2126 ’insufla

103 2141 275 2229 ostendit,
302 2138 341 2208 in
357 2138 464 2208 corde
478 2134 736 2208 contumaciam
754 2157 838 2224 esse,
864 2147 898 2205 et
914 2133 1006 2205 illud
1023 2135 1106 2225 pul·
1152 2157 1245 2208 mur.
1297 2135 1365 2207 His
1386 2117 1648 2225 excitati,'Deo
1668 2167 1885 2237 exponamus
1911 2103 2050 2226 noitres
2069 2099 2143 2229 ml:

103 2239 228 2316 chrius
245 2239 437 2333 imperium
451 2231 641 2310 πολιτικὸν
656 2237 837 2308 turbatum
854 2259 941 2322 esse,
960 2260 1105 2306 manere
1152 2236 1282 2324 serias,
1314 2252 1348 2308 et
1374 2240 1420 2308 ab
1442 2241 1520 2332 ipso
1542 2213 1714 2315 auxilium
1738 2263 1896 2340 petamus
1941 2267 1981 2324 ut
2003 2258 2138 2332 dictum

103 2332 440 2418 vcrodeonorurdv.
493 2339 582 2410 Vult
595 2340 690 2409 enim
707 2337 803 2409 Deus
821 2333 913 2410 hanc
937 2337 1104 2408 miseram
1152 2351 1219 2410 est:
1248 2337 1359 2412 Petite
1376 2355 1410 2412 et
1424 2343 1614 2434 accipietis.
1905 2305 1916 2338 ’

105 2462 141 2519 et
167 2449 396 2539 depravatam
424 2432 589 2514 naturarir
623 2464 721 2511 nunc
754 2441 794 2509 in
820 2441 989 2511 servitute
1016 2464 1103 2524 esse,
1253 2440 1308 2510 Te
1331 2443 1442 2532 igitur
1465 2459 1607 2518 aeterne
1630 2447 1896 2540 paterDomini
1923 2463 2035 2532 nostri
2061 2459 2139 2538 lesu

101 2551 184 2622 vute
200 2543 380 2618 coherceri
396 2545 484 2636 lege,
509 2557 544 2616 et
557 2556 599 2614 ut
614 2538 793 2614 coherceri
809 2556 938 2632 posset,
964 2542 1102 2637 reliqua
1149 2537 1302 2630 Christi,
1328 2547 1495 2623 conditor
1511 2549 1601 2618 coeli
1615 2563 1648 2620 et
1665 2563 1798 2637 terrae,
1821 2569 1855 2626 et
1872 2551 2059 2632 hominum
2104 2581 2139 2640 et

102 2666 156 2725 est
183 2652 330 2721 libertas
354 2671 444 2740 pene
472 2647 630 2736 integra,
664 2645 761 2738 quod
782 2645 826 2714 ad
851 2645 1101 2716 locomotivam
1148 2641 1327 2715 Ecclesiae
1342 2660 1442 2734 tuae,
1465 2673 1538 2719 una
1553 2675 1634 2720 cum
1651 2653 1725 2722 filio
1742 2668 1822 2737 tuo,
1839 2655 1997 2733 Domino
2014 2614 2137 2742 noitro

99 2755 247 2838 attinet,
273 2752 368 2846 quod
387 2749 601 2840 experientia
618 2747 803 2817 manifeste
818 2759 977 2818 testatur.
1030 2745 1102 2816 Po-
1150 2743 1227 2816 lesu
1249 2742 1413 2836 Christo,
1446 2763 1479 2820 et
1502 2750 1642 2843 Spiritu
1665 2753 1805 2842 sancto,
1839 2760 1979 2852 sapiens
2032 2768 2128 2840 bone

102 2869 177 2930 test
190 2857 376 2925 admovere
388 2851 558 2943 poculum
574 2849 630 2920 ori
644 2848 785 2928 sitiens,
810 2862 958 2919 autnon
974 2849 1100 2917 admo·
1147 2873 1271 2934 verax,
1290 2849 1401 2936 iuste,
1416 2853 1635 2937 misericors,
1660 2871 1773 2943 caste,
1799 2859 1923 2948 iudex,
1945 2817 2139 2940 lib’errime’

101 2983 200 3032 vere·
251 2955 300 3028 Εἰ
324 2952 455 3026 Graeci
482 2948 580 3022 hunt
607 2964 745 3021 molum
774 2963 920 3036 vocant,
951 2945 1101 3044 κίνησιν
1147 2965 1264 3022 custos
1281 2947 1462 3038 Ecclesiae
1483 2971 1581 3042 tuae,
1607 2957 1833 3048 invocamus,
1858 2977 1893 3036 et
1912 2981 2058 3058 propter
2074 2927 2138 3042 Fi]

100 3052 377 3161 προαιρετικὴν,
402 3056 499 3151 quod
515 3056 627 3124 libera
649 3053 820 3122 electione
835 3053 906 3122 bat.
1145 3053 1234 3123 lium
1255 3068 1376 3141 tuum,
1402 3053 1600 3126 Dominum
1626 3075 1789 3132 nostrum
1809 3061 1924 3136 lesum
1942 3064 2126 3144 Christum

207 3149 426 3236 Reiutantur
447 3155 657 3246 ergo‘Stoici
682 3167 716 3224 et
738 3153 977 3246 experientiae
1000 3151 1100 3224 testi·
1145 3156 1350 3228 crucifixum
1371 3181 1438 3250 pro
1461 3159 1566 3230 nobis
1589 3175 1624 3234 et
1644 3163 1889 3236 resuscitatum
1934 3195 2039 3264 quem
2067 3131 2136 3248 vo:

97 3267 249 3351 monio,
271 3279 307 3336 et
329 3257 417 3332 'voce
439 3259 580 3344 divina,
606 3269 696 3352 qnae
717 3281 798 3330 cum
820 3255 1002 3336 adfirmet,
1030 3255 1100 3324 ali·
1144 3257 1241 3329 luisti
1264 3283 1329 3350 pro
1354 3260 1459 3330 nobis
1481 3285 1555 3332 esse
1579 3255 1780 3346 victimam,
1806 3262 1870 3339 καὶ
1889 3221 2045 3368 danicae
2069 3275 2134 3352 καὶ

96 3395 210 3466 qnam
223 3390 299 3438 esse
314 3361 431 3436 carnis
446 3361 632 3444 iusticiam,
649 3359 823 3430 delectum
839 3382 923 3446 esse,
939 3372 973 3432 et
987 3357 1100 3428 liber·
1143 3356 1286 3453 ἱκέτην,
1319 3387 1484 3444 oramus,
1526 3377 1567 3434 ut
1587 3367 1701 3436 nostri
1728 3369 1944 3458 miserearis,
1967 3389 2012 3450 et
2038 3373 2134 3453 hunc

98 3487 209 3546 tatem
226 3471 264 3540 in
281 3467 435 3556 regenda
448 3463 681 3544 locomotiva‚
706 3461 874 3532 ostendit.
1006 3541 1007 3544 Ἴ
1144 3477 1281 3530 coctum
1295 3486 1416 3551 regas,
1442 3480 1476 3535 et
1501 3465 1596 3534 inter
1616 3491 1682 3536 nos
1697 3443 2045 3570 Ecclesiamsempcr
2067 3483 2135 3554 tibi

206 3572 261 3660 Ae
281 3567 448 3642 intentatio
463 3567 608 3660 quidem
629 3565 814 3634 manifesta
839 3575 908 3647 cst,
931 3561 991 3630 sed
1010 3581 1098 3628 con·
1143 3564 1290 3658 colligas
1323 3563 1463 3656 Spiritu
1490 3579 1553 3634 tuo
1568 3583 1710 3654 sancto,
1737 3585 1769 3640 et
1789 3571 1876 3643 hacc
1891 3569 2044 3667 hospitia
2066 3587 2134 3655 do.

98 3679 224 3749 silium
237 3672 305 3743 Dei
320 3671 509 3758 diligenter
524 3667 822 3737 considerandum
838 3676 902 3748 est,
926 3661 988 3755 qui
1003 3655 1097 3730 hanc
1142 3665 1278 3736 ctriuae
1295 3665 1489 3736 clementer
1504 3680 1687 3758 protegas,
1712 3667 1843 3748 Amen.
1892 3673 1988 3750 Dixi.

95 3781 301 3854 libertatem
318 3773 358 3842 in
373 3771 477 3842 nobis
493 3769 658 3864 reliquit,
683 3781 725 3838 ut
739 3766 927 3858 disciplina
943 3776 1096 3854 regatur.

203 3876 450 3952 Exuscitemus
465 3873 574 3962 igitur
587 3893 654 3940 nos
669 3869 882 3959 cogitatione
900 3865 1096 3935 voluntatis
1150 3887 1418 3899 ·····-····-··
1760 3889 2121 3917 Μ

92 3983 184 4070 Dei,
210 3995 245 4052 et
260 3993 358 4050 metu
379 3999 574 4069 poenarum
591 3976 635 4042 ad
654 3973 843 4062 regendam
860 3967 1096 4060 disciplinam,

94 4112 183 4159 cum
198 4085 381 4190 videamus
402 4077 651 4148 locomotivam
666 4098 769 4168 posse
790 4070 950 4166 imperiis
965 4069 1094 4140 volun·
1148 4031 1361 4178 Μ
1872 4045 2131 4182 Q&

150 4211 183 4258 rs
199 4209 284 4257 rem.

92 4203 147 4264 m
201 4239 270 4361 8ἕά
288 4284 372 4380 quia
387 4305 448 4352 cor
460 4281 600 4373 rapitur
613 4277 692 4348 alias
706 4277 875 4357 motibus,
900 4273 1096 4366 impeditur
1215 4227 1621 4370 ¹⁰0‘{,⁰.¹,},‘,¹,'['''1··‚ltd‡,⁸2‘¹9·0‚
1635 4232 2059 4368 ffi''itiih⁰⁹d.¹hi.‘v¹.'i,
2073 4247 2129 4306 εἰ

92 4407 128 4466 et
160 4387 251 4463 haec
284 4384 509 4479 gubernatio.
566 4379 627 4452 Fit
653 4395 770 4452 autem
800 4377 940 4450 facilior
965 4374 1034 4466 piis
1060 4387 1094 4443 et

92 4493 216 4568 Deum
235 4487 504 4568 invocantibus,
528 4485 590 4578 qui
606 4485 714 4554 eorda
736 4480 843 4553 ‘etiam
860 4477 971 4549 flectit
985 4477 1023 4546 in
1040 4489 1096 4546 ta-

90 4599 196 4671 libus
217 4597 263 4666 ad
285 4595 408 4682 legem.
455 4585 581 4682 ,Miror
602 4599 739 4670 autem,
764 4605 844 4654 cum
866 4593 921 4653 tot
947 4577 1094 4649 saeculis

92 4703 141 4773 dc
167 4701 283 4769 libero
307 4693 457 4765 arbitrio
479 4688 697 4783 disputatum
721 4687 785 4771 sit,
810 4683 997 4776 scriptores
1019 4703 1093 4750 non

91 4806 273 4876 deducere
296 4799 472 4867 discentes
497 4795 541 4862 ad
565 4787 884 4860 considerationem
916 4781 1094 4875 potentia·

89 4933 178 4980 rum
203 4903 361 4984 animae,
384 4919 475 4993 qnae
495 4895 539 4966 ad
556 4890 849 4964 diiudicationem
863 4883 972 4957 huius
985 4907 1094 4979 quae-

91 5007 226 5086 stionis
240 4996 428 5075 utilissima
444 5010 507 5072 est.

200 5103 323 5180 Altera
340 5099 506 5173 refutatio
523 5093 727 5170 Stoicorum
743 5091 888 5164 brevior
902 5101 965 5174 est,
990 5103 1025 5160 et
1039 5087 1095 5158 ia-

91 5213 203 5286 cilior
226 5211 270 5280 de
286 5207 373 5280 Deo.
424 5199 571 5274 Summa
594 5195 808 5268 contumelia
829 5191 897 5265 Dei
919 5203 990 5276 cst,
1016 5189 1093 5260 adi-

91 5312 243 5388 mereei
259 5312 470 5389 libertatem,
494 5301 706 5374 actribuere
722 5299 774 5380 ei,
799 5297 895 5391 qnod
911 5293 997 5364 velit
1010 5315 1094 5384 pec·
1140 5269 1268 5355 Nimis
1290 5304 1414 5350 verum
1443 5281 1651 5352 estdictum
1682 5279 1901 5374 Simonidis,
1932 5286 1975 5363 τὸ
2001 5289 2127 5374 δακεῖν

91 5433 228 5500 catum,
245 5429 283 5486 et
296 5408 457 5504 impellat
469 5399 632 5476 homines
649 5403 692 5474 ad
708 5397 983 5495 turpitudinem.
1017 5391 1093 5464 Has
1140 5377 1309 5480 βιάζεται
1333 5377 1404 5476 τὴν
1430 5375 1633 5561 ἀλήθόειοαῖ,
1667 5383 1707 5456 id
1729 5400 1801 5472 est.
1828 5383 2028 5484 opiniones
2054 5403 2126 5474 ,im

1140 4429 1343 4518 Resporuio
1388 4425 1442 4498 ed
1488 4433 1748 4522 quaestionem
1792 4435 1846 4506 Μ.
1893 4439 2129 4516 Ieremias

1142 4525 1365 4606 Schertle
1400 4529 1724 4630 salisburgensis:
1778 4537 2028 4624 Utrumcum
2058 4537 2129 4638 fa·

1141 4631 1300 4704 tendum
1314 4633 1378 4719 sit,
1396 4636 1437 4704 in
1452 4635 1620 4707 Ecclesia
1635 4633 1872 4730 synodontes
1884 4639 2027 4713 indicia
2044 4669 2127 4722 esec

1099 4763 1102 4770 ’
1142 4739 1336 4828 oportere,
1364 4733 1553 4832 obligandi
1577 4743 1656 4809 siut
1671 4737 1864 4829 burniaco,
1891 4753 1936 4812 ut
1957 4743 2127 4824 iudicate

1141 4837 1405 4930 obtemperent,
1420 4839 1593 4912 sincello
1607 4845 1861 4926 recuratione,
1877 4849 1980 4916 rieul
1997 4850 2038 4920 ia
2056 4857 2127 4926 tar·

1137 4943 1419 5034 peritaneeesse
1434 4950 1490 5012 cst
1504 4940 1721 5015 indiculum
1732 4937 1891 5036 faeere?
1914 4945 2024 5021 uto.
2034 4955 2128 5056 Ααρ.

1200 5039 1268 5114 rub
1298 5043 1501 5116 Deconntu
1533 5047 1684 5120 Ernsmi
1712 5045 1914 5120 netatotctt
1951 5051 2059 5132 tete.

1140 5149 1195 5232 (ln
1212 5147 1349 5213 Dcolnm.
1362 5173 1379 5212 e
1391 5149 1558 5214 Richardio
1571 5153 1659 5214 editis
1673 5151 1747 5216 haee
1760 5161 1897 5238 quaestio
1910 5179 1973 5221 non
1989 5165 2126 5252 legitur.)
