4888 5962
718 205 1144 328 Quausmonu's
1179 169 1619 308 acanuoncau.¹
2094 238 2171 316 ses

227 397 319 476 Cum
335 400 444 496 igitur
459 397 547 502 bae‘c
560 405 720 500 quaestio
737 405 937 476 doctrinam
953 405 1046 478 vitae
1059 429 1125 476 ne-
1176 403 1263 494 legis
1287 405 1450 478 naturale
1474 419 1543 488 est,
1584 407 1679 500 quod
1707 419 1846 478 accusat
1868 431 1934 483 uos
1960 409 2040 482 cum
2067 410 2172 485 lateri

123 502 404 598 cessariaso‡,‘et
423 507 577 598 ‘plenam
612 508 825 594 eruditionis
859 509 1058 590 contineat,
1089 519 1125 578 et
1176 530 1362 596 cogamur,
1393 533 1531 599 semper
1555 509 1690 602 aliquid
1718 509 1878 580 sordium
1901 525 1936 582 et
1960 512 2171 584 vitiosorum

124 602 331 687 dulcissima
363 599 535 700 sapientia
565 607 629 692 sit,
663 611 802 682 ertrdita
825 612 1021 707 explicatio·
1037 609 1124 700 legis
1176 609 1366 678 affectuum
1392 610 1430 680 in
1447 609 1575 679 animis
1591 605 1747 683 haerere.
1796 609 1981 684 Praeterea
2000 639 2080 686 curn
2097 615 2176 702 sint

124 709 289 808 divinae:
317 707 404 784 l’eto'
418 737 436 780 a
455 707 488 781 te
504 711 697 782 clarissime
713 709 758 784 D.
774 709 926 798 Ductor,
951 728 992 783 ut
1007 711 1122 782 coetui
1176 712 1288 781 multa
1305 711 1430 781 delicta
1447 735 1536 805 quae
1552 712 1618 804 ipsi
1636 733 1710 782 non
1725 714 1910 798 novimus,
1936 739 2027 810 quac
2044 716 2074 786 si
2086 726 2176 809 poso

124 809 349 888 Scholastica
371 815 555 898 ostendas,
578 817 758 908 quomodo
781 815 1033 904 intelligendae
1052 815 1124 884 sint
1176 813 1319 884 suntin
1344 815 1448 884 nobis
1472 809 1634 899 haerere,
1657 817 1839 908 qrrornodo
1854 818 2174 911 affirmarepossue

124 911 195 1025 bae
210 915 487 1017 propositiones:
516 911 597 987 lure
610 925 875 994 naturaeusum
891 941 1010 988 rerum
1026 941 1124 986 com·
1177 939 1275 999 mars,
1301 938 1367 983 nos
1384 913 1461 986 Deo
1479 915 1615 1005 placere
1632 930 1698 990 etc.
1749 912 1838 986 ltem
1855 921 2035 1010 quomodo
2052 921 2119 990 scis
2135 934 2171 992 te

121 202 202 308 aar*

125 1029 271 1087 meroem
304 1028 388 1086 esse.
444 1011 506 1100 El,
550 1009 735 1087 Naturalia
770 1017 1006 1090 immutabilia
1038 1041 1123 1108 esse,

84 1177 89 1188 .
123 1114 175 1198 Et
190 1120 275 1216 quid
290 1123 339 1188 'de
353 1115 546 1207 Augustini
561 1115 656 1189 dicto
673 1119 900 1189 sentiendum
917 1119 973 1191 sit.
1026 1117 1122 1190 Haec

124 1235 188 1295 tua
208 1218 394 1312 explicatio
412 1221 516 1290 nobis
532 1213 648 1306 utilis,
666 1235 707 1290 ¹et
726 1221 838 1291 doctis
853 1236 951 1312 grata
968 1222 1046 1292 erit.

230 1369 311 1447 Oro
337 1387 455 1447 autem
479 1371 595 1446 filiurn
618 1369 704 1456 Dei,
737 1367 936 1444 Dominum
958 1387 1121 1446 nostrum

125 1473 245 1551 lesum
257 1472 460 1559 Christum„
485 1489 525 1552 ut
548 1467 639 1551 hanc
655 1470 869 1560 Ecclesiam,
894 1490 929 1548 et
952 1471 1018 1544 hos
1039 1501 1122 1551 coe,-

122 1593 185 1650 tus
209 1573 467 1662 scholasticos,
500 1588 538 1649 et
567 1590 620 1662 te,
647 1590 770 1654 ,servet
797 1590 832 1648 et
854 1579 1052 1666 gubernet,
1082 1592 1123 1648 ut

122 1681 203 1772 ipse
226 1704 246 1750 a
267 1680 373 1751 nobis
395 1703 538 1772 quoque
562 1677 602 1746 in
623 1678 726 1748 omui
742 1679 949 1754 aeternitate
961 1681 1122 1752 celebre-

124 1795 199 1858 lut·
252 1779 350 1856 Dlils

124 2051 160 2064 Μ-

1175 1016 1314 1110 plaeere
1335 1041 1415 1085 cum
1437 1018 1527 1086 scire
1547 1043 1619 1086 non
1636 1019 1749 1110 possis
1763 1042 1923 1104 causam,
1950 1045 1995 1088 an
2011 1020 2080 1089 scis
2097 1023 2171 1094 eles

1175 1131 1262 1190 ctus.
1312 1115 1411 1187 Haec
1431 1134 1635 1208 argumenta
1660 1145 1733 1188 non
1754 1119 1879 1190 leviter
1901 1123 2048 1191 turbant
2065 1146 2169 1192 meus

1175 1231 1244 1303 tes,
1269 1244 1334 1289 nec
1350 1220 1427 1289 sine
1444 1245 1573 1311 magno
1591 1222 1782 1290 certamine
1802 1221 1946 1296 eluctari
1965 1247 2005 1294 ex
2024 1225 2169 1296 dubita·

1175 1321 1272 1418 tione
1287 1345 1485 1412 possumus.
1526 1319 1742 1416 Quanquam
1758 1336 1874 1392 autem
1892 1325 2068 1416 speciosae
2083 1313 2169 1398 sunl

1174 1413 1240 1492 bae
1261 1421 1497 1508 obiectiones,
1523 1438 1640 1495 tamen
1667 1451 1734 1494 vox
1759 1423 1882 1494 divina
1904 1425 2089 1499 retinenda
2105 1428 2169 1514 est,

1174 1549 1264 1616 quae
1280 1525 1383 1596 toties
1399 1527 1498 1597 iubet
1512 1527 1654 1597 credere
1669 1525 1914 1596 remissionem
1932 1524 2168 1618 peccatorum,

1174 1627 1264 1696 sicut
1286 1627 1325 1695 in
1348 1627 1435 1696 actis
1459 1627 1601 1702 dicitur.
1650 1627 1747 1698 Huic
1762 1651 1885 1697 omnes
1901 1622 2097 1720 prophetae
2113 1641 2166 1708 te,

1174 1729 1382 1799 stimonium
1414 1725 1621 1820 perbibent,
1663 1729 1908 1801 remissionem
1941 1739 2168 1822 peccatorum

1174 1831 1331 1922 accipere
1362 1855 1425 1922 per
1455 1855 1585 1900 nomen
1617 1832 1692 1902 eius
1723 1853 1846 1900 omnes
1870 1832 1932 1924 qui
1956 1832 2107 1903 creduut
2127 1832 2167 1906 itt

1174 1956 1267 2007 eum.
1318 1929 1368 2004 Et
1384 1931 1517 2002 Paulus
1540 1936 1583 2002 a'd
1605 1929 1778 2026 Ephesios
1794 1933 1950 2002 ostendit
1968 1931 2073 2003 fidem
2092 1955 2167 2030 esse

1174 2033 1338 2104 fiduciam
1353 2037 1576 2105 accedentem
1593 2029 1636 2104 ad
1649 2033 1764 2104 Deum
1782 2035 1820 2102 in
1837 2035 1966 2104 fiducia
1983 2032 2167 2126 perfidem

1124 2129 1127 2134 ’
1173 2135 1211 2202 in
1238 2135 1367 2228 ipsum.
1420 2135 1522 2207 Sicut
1544 2150 1579 2207 et
1601 2139 1646 2206 ad
1667 2131 1775 2226 Rom.
1798 2136 1931 2228 inquit:
1964 2130 2171 2227 Iuslsiicots'

884 2268 938 2338 28.
946 2267 1015 2342 lun.
1027 2273 1121 2338 1552.

904 2361 1116 2402 *om

143 2499 153 2559 “.
194 2495 262 2568 sse
278 2493 435 2572 apogrsplao
450 2493 479 2548 in
495 2491 565 2549 cot.
577 2487 665 2548 Paris.
700 2471 738 2548 D,
751 2491 783 2553 L,
798 2491 861 2550 sps,

124 2629 508 2763 marobodum
522 2673 576 2760 tt.
603 2667 768 2742 Iacobo
794 2672 1122 2761 vementceno,

123 2781 302 2865 Boionio,
338 2780 380 2848 tn
402 2777 642 2867 ‘pronuntiasse
670 2773 946 2868 Mogtstmrsms
972 2773 1122 2865 publice

1165 2229 1245 2330 fide
1259 2259 1385 2332 pacem
1401 2229 1581 2306 bohemus
1596 2245 1627 2306 et
1644 2258 1827 2307 occasum
1839 2230 1897 2304 ad
1907 2231 2043 2309 Deum.
2094 2233 2169 2308 De·

1174 2339 1284 2432 nique
1306 2338 1483 2410 amittitur
1504 2339 1695 2409 discrimen
1718 2339 1805 2429 legis
1827 2353 1861 2409 at
1880 2333 2068 2428 Evangelii
2086 2349 2169 2409 culn

1173 2441 1347 2510 docentur
1360 2436 1535 2525 homines,
1558 2441 1776 2510 manendum
1791 2439 1917 2508 esseio
1931 2441 2169 2515 dubitatione.

1175 2541 1259 2611 ldeo
1286 2543 1381 2610 enim
1405 2541 1593 2634 promissio
1612 2541 1875 2611 misericordiae
1889 2543 2010 2612 addita
2028 2557 2101 2628 est,
2128 2557 2169 2614 ut

1174 2643 1261 2713 certi
1290 2644 1418 2730 simus,
1452 2643 1591 2713 etiamsi
1617 2633 1744 2714 'sumus
1766 2641 1906 2732 indigni
1931 2657 1965 2712 et
1989 2643 2169 2728 immundi

1173 2744 1284 2836 recipi
1301 2767 1367 2814 nos
1382 2759 1500 2817 tamen
1515 2743 1620 2816 aDeo
1634 2743 1780 2842 propter
1796 2743 2025 2814 mediatorem
2041 2745 2168 2833 lilium.

120 2883 299 2975 popoatto
329 2879 369 2948 io
398 2875 530 2948 schola
562 2867 1123 2970 Vitetergeno28.‹tte1oatt
1172 2844 1272 2974 11³„oe
1294 2839 1483 2936 ΡΓοιῃίεςιίο
1508 2871 1576 2918 V⁰¹
1600 2841 2034 2965 ὕῑΕὟόῃΒθῙῖἰΡΐθΡξῖἢν
2060 2869 2167 2938 ‘luam

137 3005 237 3055 anno
265 2977 374 3056 1552,
397 2981 556 3052 nevam
577 2971 635 3050 Μ,
661 2979 869 3049 Mamm,
895 2981 1109 3068 Simone,
1171 2973 1236 3041 qur
1260 2971 1334 3016 non
1360 2949 1618 3038 amplectantur
1632 2971 1770 3018 carcere
1789 2947 1875 3037 legas
1892 2960 2022 3038 captavi
2041 2959 2170 3044 teuergs

529 3075 718 3150 Broudeb.

126 3240 334 3343 Utrumque
350 3243 555 3320 ,honestum
579 3257 656 3328 cst,
683 3256 719 3318 et
740 3267 808 3313 nos
830 3257 1034 3317 reverenter
1055 3247 1122 3316 ob-

123 3371 325 3445 temperare
349 3350 501 3422 utilibus
523 3347 696 3420 institutis
719 3347 980 3416 academiarum
1005 3361 1040 3416 et
1060 3371 1123 3418 vos

124 3481 192 3550 pro
225 3467 339 3524 vestra
371 3447 593 3523 humanitate
622 3449 711 3518 boni
735 3449 920 3518 consulere
945 3449 1123 3518 orationes

125 3579 275 3640 eorum,
300 3554 365 3648 qui
386 3575 459 3624 raon
483 3551 684 3640 arrogantia
708 3545 779 3620 buc
793 3552 837 3618 ad
855 3551 1045 3620 dicendum
1062 3575 1123 3621 ac-

126 3656 277 3730 cedunt:
304 3659 364 3736 sed
383 3669 423 3726 ut
442 3652 618 3723 voluntati
637 3666 903 3743 praeceptorum
921 3665 956 3722 et
973 3677 1122 3722 consue-

125 3759 248 3833 tudini
271 3757 453 3830 obediant.
504 3751 602 3824 Haec
625 3778 705 3821 cum
729 3754 777 3824 ita
802 3754 891 3838 siut,
915 3767 995 3845 peto
1018 3779 1036 3822 a
1059 3780 1122 3824 vo-

1173 3063 1243 3134 tur,
1267 3051 1445 3135 dubisant,
1468 3049 1611 3140 fugiunt
1625 3047 1753 3132 Deum,
1778 3072 1843 3118 uec
1857 3063 1994 3123 curant.
2045 3041 2169 3125 Eran-

1174 3151 1324 3242 gelium,
1349 3176 1429 3222 cum
1444 3150 1616 3222 Salomon
1631 3145 1699 3220 hoe
1713 3149 1829 3240 ipsum
1845 3150 1951 3235 velit,
1978 3151 2022 3218 de
2037 3149 2168 3239 volun-

1173 3267 1245 3324 tate
1259 3249 1326 3327 Dei
1350 3267 1385 3322 et
1406 3253 1516 3344 ipsius
1541 3254 1649 3322 verbo
1673 3251 1903 3323 iudicandum
1921 3273 2012 3336 esse,
2036 3273 2110 3320 oon
2127 3275 2168 3322 ex

1173 3355 1327 3424 externis
1349 3353 1557 3447 spectaculis
1579 3378 1699 3426 rerum
1725 3355 1959 3424 secundarum
1985 3367 2019 3424 et
2042 3354 2170 3422 advers

1173 3479 1312 3540 aarum,
1347 3481 1439 3550 quae
1467 3457 1570 3526 bonis
1601 3480 1641 3526 ac
1671 3455 1774 3524 malis
1806 3453 1970 3526 similiter
1991 3439 2168 3528 accidunl.

1173 3553 1291 3634 David
1316 3555 1389 3626 nou
1408 3569 1538 3627 statuat
1554 3579 1590 3624 se
1605 3581 1624 3626 a
1641 3555 1718 3624 Deo
1736 3555 1912 3624 abiectum
1931 3580 2004 3625 esse
2022 3560 2170 3648 propter
2265 3585 2269 3590 ·

1174 3659 1339 3739 exilium,
1364 3657 1426 3728 sed
1446 3659 1490 3727 de
1514 3657 1696 3726 voluntate
1713 3655 1779 3727 Dei
1804 3656 1937 3726 iudicet
1960 3681 2001 3725 cx
2016 3657 2169 3745 promis·

1174 3761 1289 3830 sione:
1328 3755 1519 3843 Dominus
1542 3751 1699 3826 obstulit
1722 3764 1918 3854 peccatum.
1984 3753 2168 3826 lerobeam

125 3865 201 3950 bis,
227 3877 268 3932 ut
289 3855 382 3928 banc
406 3861 519 3927 meam
541 3855 738 3926 orationem
763 3855 938 3944 patienter
959 3853 1121 3926 audiatis.
1174 3853 1249 3930 non
1270 3859 1399 3932 statuat
1416 3884 1457 3933 ¹se
1472 3857 1550 3930 Deo
1575 3861 1711 3951 placere
1737 3871 1921 3950 propterea
1944 3858 2029 3951 quia
2046 3859 2091 3926 ad
2109 3853 2168 3926 re*-

126 3965 172 4038 lu
195 3989 265 4057 qua
287 3957 355 4031 hoc
373 3983 513 4054 quoque
532 3957 736 4050 praestabo,
762 3979 807 4024 ne
823 3955 1005 4046 prolixitas
1020 3959 1123 4026 vobis
1174 3987 1283 4052 gnum
1318 3977 1458 4032 evectus
1492 3975 1559 4046 est,
1601 3975 1637 4032 et
1665 3959 1823 4050 potentia
1854 3973 1888 4030 et
1912 3958 2025 4047 gloria
2051 3959 2166 4028 floret.

126 4067 274 4138 molesta
291 4065 347 4136 sit.
400 4059 449 4132 Ut
461 4072 578 4130 autem
595 4059 763 4128 usitatum
781 4071 852 4136 est,
878 4059 1120 4150 quaestionem
1174 4063 1245 4136 Sed
1275 4087 1355 4133 cum
1381 4063 1494 4156 prosit
1518 4087 1592 4134 non
1618 4061 1734 4132 solum
1759 4062 1802 4130 ad
1828 4061 2045 4130 erudiendus
2067 4059 2168 4146 alios,

128 4165 191 4239 hle
219 4187 436 4258 Pf⁰P⁰¹¹ef⁰s
469 4161 569 4231 ‘⁰5⁰⁸
596 4159 783 4254 ⁰¹Pll⁰³ll⁰
812 4161 1123 4240 ⁰0m¹¹¹0¹¹elactio
1173 4166 1354 4236 sedetiam
1373 4167 1417 4235 ad
1435 4189 1501 4234 nos
1517 4165 1612 4257 ipsos
1630 4163 1892 4233 confirmandos
1910 4157 2095 4256 perspicue
2110 4183 2168 4231 re·

127 4295 212 4340 nem
237 4267 362 4339 utilem
388 4263 564 4342 ῦοῐὶὶῑῐὶθῑ,
595 4261 733 4331 decrevi
758 4263 801 4329 de
825 4255 890 4330 hac
915 4263 1122 4353 quaestione
1173 4267 1519 4357 lutariargumenta‚
1545 4291 1635 4360 quae
1650 4266 1776 4336 iubent
1789 4264 1972 4348 dubitare,
1997 4277 2101 4356 peto,
2126 4275 2168 4333 ut

128 4374 314 4443 disserere.
374 4364 476 4455 Quae
505 4365 552 4434 sit
580 4363 752 4434 sententia
785 4362 871 4432 dicti
901 4361 1121 4434 Salomonis:
1173 4367 1405 4440 Reverendus
1431 4369 1488 4437 vir
1510 4361 1910 4439 etDoctorForsterus
1931 4368 1975 4434 de
2002 4361 2067 4434 hac
2091 4364 2167 4452 ipsa

129 4469 259 4548 Nescit
287 4456 398 4540 'tomo
425 4489 585 4536 amorem
608 4473 640 4532 εἰ
663 4459 788 4534 odium
811 4461 974 4533 omnium
998 4487 1121 4534 coram
1173 4471 1378 4564 quaestione
1395 4471 1573 4564 copiosius
1591 4495 1647 4539 me
1664 4484 1698 4541 et
1715 4483 1869 4539 caeteros
1886 4467 2065 4537 auditores
2083 4485 2166 4538 erte-

130 4575 225 4674 s'pso.
275 4569 323 4644 Et
340 4597 385 4641 an
404 4567 793 4665 SynodusTridentina
811 4581 903 4637 recte
917 4567 1122 4649 decreverit,
1173 4573 1257 4644 diat.
1350 4592 1353 4600 ·

130 4701 272 4770 semper
298 4676 517 4744 manendum
542 4671 677 4738 esseio
701 4669 941 4752 dubitatione,
974 4692 1019 4737 an
1044 4669 1122 4760 pla-

129 4803 273 4852 ceamus
288 4775 378 4849 Deo.
428 4771 562 4844 Notum
577 4783 632 4840 est
647 4793 801 4862 sparsam
819 4795 893 4840 esse
909 4783 991 4840 ante
1007 4771 1120 4841 multa
1230 4851 1234 4859 ξ

129 4883 268 4954 saecula
293 4879 332 4948 in
356 4873 550 4948 Ecclesiam
575 4887 610 4943 et
625 4888 741 4942 extare
763 4873 803 4942 in
827 4872 966 4962 scriptis
988 4874 1122 4942 multoe

128 5008 212 5056 rum
226 4979 319 5052 banc
336 4977 571 5071 perniciosam
586 4972 810 5065 opinionem,
835 4997 925 5066 quae
941 4974 1040 5046 iubet
1056 4969 1122 5044 bo-

130 5087 245 5157 mines
270 5105 413 5152 manere
435 5079 474 5148 in
496 5077 738 5156 dubitatione,
773 5101 820 5144 an
843 5075 922 5145 Deo
945 5075 1121 5167 placeant:
1180 5047 1353 5174 Q

130 5174 408 5283 quia'humanae
424 5181 554 5251 rationi
569 5177 712 5248 'videtur
726 5177 927 5266 arrogantia
937 5201 1023 5262 esse,
1047 5202 1121 5247 rem
1194 5237 1197 5245 ,

130 5303 266 5362 tautam
293 5285 499 5368 adfirmare,
531 5283 627 5375 quod
650 5277 726 5350 Deo
752 5281 968 5372 placeamus,
1001 5293 1036 5349 et
1064 5303 1123 5348 ar·

134 5403 302 5484 gumeuta
323 5411 398 5458 non
422 5383 516 5455 levia
539 5383 685 5455 turbant
706 5377 882 5452 homines.
944 5377 1121 5452 Iudicium

1940 5139 2159 5174 *m

1244 5269 1275 5323 la
1285 5267 1447 5337 Quaestios.
1462 5287 1490 5339 p.
1498 5268 1580 5324 1095.
1589 5287 1651 5390 spo.
1678 5268 1746 5322 item
1758 5263 1898 5322 inCoosil.
1905 5264 1972 5320 Mel.
1986 5265 2016 5322 P.
2022 5261 2057 5322 ll.
2070 5255 2162 5330 pm.

1276 5351 1304 5392 et
1322 5339 1351 5390 in
1369 5337 1424 5396 set.
1436 5335 1590 5396 Declsmst.
1604 5337 1637 5394 ¹¹.
1649 5339 1695 5391 lV.
1711 5337 1808 5410 psat.
1827 5363 1860 5377 -
1897 5331 2090 5412 Autograpboo
2104 5317 2165 5410 tip-

1278 5403 1435 5479 laotbonis,
1457 5407 1490 5458 acl
1505 5409 1619 5462 verbero
1631 5409 1801 5468 conveniens
1812 5425 1877 5466 ctam
1892 5413 1963 5460 textu
1978 5411 2050 5474 types
2062 5413 2164 5454 mon·

1451 5473 1535 5554 62·
