4888 5962
23 249 26 360 i
112 409 114 414 .

288 193 363 290 cen
516 177 522 182 ·
738 297 741 304 .
1067 177 1538 260 nunumouunnn.
2250 184 2322 258 ees

361 389 364 397 ·
420 360 638 445 „distiuctae,
667 375 766 441 opera
785 365 821 422 et
839 353 944 422 studio
965 355 1011 419 Μ.
1034 315 1167 419 loannis
1188 347 1379 436 llicdnrdii,
1407 351 1489 418 tc.
1511 361 1546 414 et
1567 349 1793 416 Mathematici
1815 349 2115 450 Argentorateusis.
2166 349 2289 449 lomus
2303 350 2327 412 l.

420 440 702 531 „Philosophiana
754 441 838 506 Cum
857 443 961 524 gratie
983 451 1016 505 et
1038 441 1205 538 privilegio
1229 439 1414 540 Caesareo..
1436 439 1679 536 Argentorath
1705 436 1900 506 llxcudebat
1921 436 2130 500 'l'heedosrus
2154 434 2331 536 llthelips.”.

316 577 319 584 .
420 530 654 698 {ssssdpontggpuz
668 521 1118 695 {u-ndgl'npmussabl.pglg{dtceas
1140 545 1178 590 ac
1198 523 1379 649 inradiant,
1407 522 1491 604 thid.¹
1526 523 1590 588 874
1612 541 1713 607 pagg.
1745 525 1776 586 8.
1799 558 1843 572 -
1891 523 2015 588 Taurus
2032 521 2094 646 111.
2118 518 2331 671 Theolopacatq

294 724 431 802 Annus,
459 737 525 868 quo
547 715 732 800 prodierunt
755 716 787 778 hi
810 716 905 797 tomi,
935 734 998 777 non
1020 713 1205 794 adscriptus
1228 721 1299 790 est,
1326 709 1384 774 sad
1401 709 1588 794 prodierunt
1607 729 1690 773 anno
1706 707 1798 774 teto.
1842 709 1930 772 Nam
1948 709 2089 792 epistola
2103 679 2331 794 nuncupatoria
2419 671 2420 746 i

442 823 464 868 a

297 808 391 873 Tomi
404 808 430 870 Ι.
499 805 704 887 Augustum,
724 803 849 866 Ducem
866 800 1032 868 saxoniae
1048 800 1153 862 lilani.
1169 798 1244 861 data
1259 807 1312 864 est
1326 797 1356 861 d.
1373 797 1404 862 8.
1421 794 1557 860 (laland.
1572 795 1686 879 Septh.
1705 794 1805 877 15703
1835 794 1976 878 epistola
1998 797 2230 878 nuncupatoria
2243 797 2330 860 Tomi

294 893 339 954 Il.
360 890 399 964 ad
421 888 621 964 Fridaricum
641 887 823 952 Palatinum
838 885 946 950 Rheni
965 883 995 967 d,
1008 883 1061 952 811.
1075 883 1109 946 N
1112 903 1163 946 ov.
1177 882 1272 947 1570.
1286 895 1320 946 et
1334 901 1386 964 ep.
1400 882 1631 963 nuncupatoria
1644 883 1682 944 ’1.
1696 882 1753 944 lll.
1775 877 1816 945 ad
1831 875 2036 946 Ludovieum
2051 881 2075 944 1.
2099 879 2226 968 Ducem
2239 881 2330 946 Wit-

296 979 558 1124 temberffiensam
576 973 605 1038 d.
621 974 652 1036 4.
669 971 739 1035 Cal.
754 973 871 1055 Septb.
887 970 980 1036 1570.
1003 1004 1041 1015 —
1087 970 1123 1032 ln
1137 969 1189 1030 his
1203 969 1351 1049 epistolis
1366 964 1561 1030 Richardius
1575 967 1771 1054 subscripsit
1785 986 1903 1052 nomen
1919 982 2014 1030 suum
2028 968 2093 1030 sic:
2115 965 2194 1051 „hh
2207 961 2327 1032 totan-
2419 989 2420 1010 t

266 1073 268 1079 ·
294 1082 350 1126 taes
363 1059 427 1125 Ille
449 1057 562 1124 urdine
571 1107 582 1143 ,
603 1059 686 1122 alias
705 1053 898 1139 Winlteliua,
921 1057 951 1126 1.
964 1054 1002 1118 C.
1019 1065 1053 1118 et
1069 1055 1321 1140 Mathematicus
1334 1047 1655 1135 Argentoratensis.’'

325 1233 328 1238 .
422 1175 589 1258 llepctivit
604 1175 709 1238 omnia
723 1173 946 1238 Melanthouis
962 1191 1047 1258 quae
1064 1172 1177 1234 'l'omis
1191 1172 1332 1253 quinque
1346 1168 1496 1234 editionis
1509 1169 1661 1250 principis
1674 1141 1898 1248 eontinentur,
1920 1187 1983 1232 non
1998 1169 2104 1236 solum
2119 1169 2327 1238 declamatio·
2419 1187 2420 1248 j

293 1282 373 1343 nes,
393 1261 454 1325 sed
470 1262 567 1324 etiam
580 1260 798 1324 oratiunculas
817 1259 1002 1340 breviores,
1024 1257 1250 1340 quaestiones,
1273 1255 1512 1338 praefationes,
1543 1253 1701 1340 epistolas
1719 1265 1753 1316 et
1765 1255 1915 1320 carmina.
1956 1255 2089 1337 Ubique
2099 1265 2260 1338 sequutus
2282 1267 2329 1319 est
2419 1267 2420 1294 t

294 1359 420 1428 textum
436 1345 585 1414 editionis
602 1345 773 1428 principis,
795 1362 906 1426 aqua,
931 1352 1061 1426 praeter
1075 1341 1236 1424 ordinem,
1258 1361 1322 1404 non
1337 1339 1456 1404 differt.
2419 1341 2420 1362 ¹

286 1477 290 1495 ’
422 1461 546 1525 Postea
566 1457 713 1525 Daoides
727 1456 923 1542 liduit-neus,
948 1459 1169 1522 hlel'enthonis
1191 1456 1371 1540 discipulus
1391 1465 1424 1520 et
1444 1451 1619 1518 Professor
1637 1455 1669 1517 in
1683 1453 1861 1520 Academia
1875 1429 2116 1538 Rostochiana,
2141 1456 2327 1521 ineonriliis

296 1550 428 1629 hahuit,
450 1565 565 1610 omues
581 1548 709 1628 omnino
724 1547 886 1610 orationes
899 1544 1121 1608 Melanthonis
1134 1544 1308 1625 colligere,
1330 1559 1444 1606 omnes
1465 1539 1612 1604 eiusdem
1635 1545 1813 1623 argumenti
1835 1545 2050 1627 coniungere,
2073 1551 2107 1605 et
2126 1544 2329 1606 occasionem

294 1647 328 1698 et
351 1633 454 1714 diem,
482 1651 545 1714 qua
567 1649 736 1714 quaequae
759 1632 893 1695 recitata
914 1629 1009 1693 luerit
1029 1627 1167 1712 addere,
1196 1628 1257 1692 sed
1278 1629 1341 1690 hoc
1360 1626 1562 1710 propositum
1582 1643 1646 1688 nou
1668 1637 1875 1709 exsequutus
1895 1636 1968 1710 est,
1997 1637 2032 1691 et
2045 1629 2122 1691 nihil
2134 1628 2252 1710 prodiit
2272 1629 2328 1690 nisi

294 1709 452 1802 praefatio
468 1719 518 1780 sie
531 1717 703 1800 inscripta:
727 1711 951 1798 „Adhortatio
966 1715 1006 1778 ad
1022 1714 1195 1778 Orationes
1210 1713 1270 1776 Ph.
1286 1707 1364 1776 ttt'et.
1380 1713 1472 1775 velut
1483 1711 1671 1780 thesaurum
1687 1713 1865 1793 sapientiae
1879 1731 1919 1776 ae
1937 1715 2146 1795 eloquentiae
2164 1716 2326 1796 incompa·
2419 1767 2420 1780 .

294 1805 429 1869 rabilem
446 1801 619 1886 diligenter
635 1814 669 1866 et
684 1801 991 1884 attentelegendas.
1032 1799 1192 1863 llostoclt.
1213 1799 1325 1862 1591?
1367 1799 1399 1860 8.
1443 1797 1519 1878 ilpl.
1713 1795 1719 1810 '
1909 1805 1910 1808 ’
2419 1791 2420 1820 ¹

422 1919 557 1982 Nostris
572 1917 714 2002 denique
728 1918 925 1998 temporibus
942 1915 1081 1979 Clarias.
1092 1913 1329 1980 Fridemonnaa
1340 1891 1480 1978 lentavit
1496 1913 1754 1980 declamationes
1769 1915 1847 1978 illel.
1863 1917 1978 1980 iterum
1994 1917 2107 1980 edere:

378 2021 548 2106 „Philippi
564 2019 644 2084 Mel.
659 2018 819 2083 orationes
841 2020 985 2082 selectos
1005 2017 1045 2080 ad
1067 2015 1284 2080 renovandam
1306 2017 1574 2082 viri-immortalis
1595 2015 1801 2104 memoriam,
1823 2019 1929 2083 denuo
1952 2019 2051 2084 edidit
2065 2015 2193 2100 frider.
2215 2015 2327 2108 Tranp.

381 2103 655 2186 „Fridemnnnaa
679 2103 753 2167 Vol.
770 2105 795 2166 1.
819 2104 943 2168 Witeh.
964 2103 1078 2168 18an
1105 2102 1168 2168 tta
1182 2121 1281 2188 pagg.
1297 2105 1328 2168 8.
1344 2103 1395 2186 [in
1410 2121 1473 2188 quo
1487 2103 1653 2167 volamine
1667 2101 1780 2167 decem
1796 2123 1935 2170 recusae
1951 2113 2033 2170 sunt
2043 2104 2318 2186 declamationes),
2376 2119 2379 2126 ·
2419 2159 2420 2184 2

297 2191 356 2254 sed
371 2200 502 2274 praeter
515 2191 579 2254 hoc
591 2190 743 2253 uolumen
757 2189 835 2253 nihil
849 2187 973 2272 prodiit.
2085 2209 2087 2214 ’

282 2294 290 2307 ’
425 2303 519 2384 Quod
534 2306 575 2371 ad
590 2297 734 2370 ordinem
746 2307 924 2382 orationum
938 2308 1070 2388 attinet,
1091 2324 1175 2388 ego,
1196 2315 1232 2369 ut
1256 2305 1419 2388 epistolas
1436 2316 1471 2371 et
1492 2307 1633 2372 carmina
1644 2305 1884 2388 uteunthonts,
1905 2307 1954 2372 sic
1965 2309 2068 2388 ,etiam
2082 2272 2326 2390 etuifoiaitonoa

233 2427 237 2431 ·
297 2390 371 2455 dedi
393 2390 572 2456 secundum
595 2394 905 2472 salernitanorum,
933 2393 1048 2476 quihus
1069 2391 1302 2456 hahiiaesunt.
1345 2391 1422 2456 Non
1438 2393 1797 2458 solumenimomniuut
1815 2389 1886 2459 lere
1906 2395 2102 2474 orationum,
2127 2389 2327 2475 paucissimis
2419 2409 2420 2428 ¹

297 2479 445 2560 exceptis
469 2493 574 2541 annus
590 2479 720 2542 nativus
736 2489 825 2542 certo
841 2477 964 2542 definiri
978 2477 1098 2560 potuit,
1120 2475 1181 2540 sed
1201 2479 1336 2541 interest
1351 2479 1447 2542 etiam
1460 2479 1563 2558 scire,
1585 2495 1650 2561 quo
1664 2497 1748 2545 auno
1767 2497 1934 2562 quaequae
1949 2480 2060 2544 habita
2073 2483 2188 2562 sit,·e³t
2201 2497 2242 2541 au
2254 2477 2328 2542 hle-

295 2563 461 2626 lanthonis
474 2564 601 2626 iuvenis
616 2583 657 2627 au
671 2581 748 2627 vero
764 2565 855 2628 senis
869 2563 1046 2628 orationem
1060 2562 1165 2648 legas.
1244 2609 1247 2614 -
1621 2581 1624 2588 ⁴
1693 2585 1698 2592 ·

306 2682 310 2690 ’
424 2677 519 2742 Haec
540 2677 801 2780 decertationibus
820 2677 949 2746 Nostri.
995 2679 1159 2762 Superest
1178 2688 1214 2742 ut
1232 2681 1347 2778 paucis
1368 2677 1514 2746 dicartms
1534 2681 1575 2744 de
1593 2677 1833 2781 quaestionibus
1855 2678 2074 2778 academicis‘
2093 2681 2226 2779 Earum
2246 2679 2327 2780 haud

293 2783 419 2845 paucae
433 2765 583 2848 leguntur
597 2787 628 2828 tn
646 2763 1133 2832 SeleetDeclam.'l¹.1-lV.
1177 2763 1383 2847 sedprimus
1404 2783 1464 2830 eas
1486 2766 1634 2850 collegit,
1656 2766 1835 2831 secundum
1855 2787 2012 2832 annorum
2035 2775 2156 2832 sertem
2173 2765 2329 2850 disposuit

294 2860 329 2914 at
344 2849 444 2913 edidit
460 2847 583 2914 Paulus
595 2847 739 2935 Ederae,
761 2850 940 2935 discipulus
956 2860 991 2914 at
1004 2849 1133 2934 collega
1146 2850 1385 2929 Melanthouis,
1407 2851 1500 2915 cuius
1513 2851 1592 2915 liber
1607 2853 1656 2915 sic
1670 2863 1723 2916 est
1737 2853 1930 2934 inscriptus:
1990 2853 1993 2860 “
2141 2853 2144 2864 ’
2321 2859 2324 2872 “

379 2949 629 3032 „Quaestiones
646 2950 799 3016 derebus
814 2953 1000 3036 cognitione
1016 2949 1234 3036 dignissimis,
1256 2943 1439 3034 explicatae
1454 2952 1486 3018 iu
1508 2953 1646 3037 publicis
1659 2943 1898 3103 'confessihus
1920 2955 1952 3018 in
1966 2925 2145 3040 Academia
2157 2954 2329 3020 Witeher-
2419 2911 2420 2930 .

378 3039 514 3118 „gensi
566 3039 648 3101 ltear
668 3037 767 3101 utiles
788 3038 911 3119 aliquot
929 3038 1260 3102 commonefactioues
1281 3036 1322 3100 de
1346 3035 1514 3120 disciplina
1533 3050 1566 3104 et
1586 3039 1697 3122 legum
1741 3041 1892 3123 ignitate,
1921 3043 2076 3104 recitatae
2090 3059 2118 3104 'a
2138 3037 2330 3110 Rectorihus
2419 3091 2420 3100 ,

295 3156 299 3164 ·
379 3132 482 3201 „aute
499 3123 675 3185 lectionem
694 3130 889 3187 statutorum
905 3123 1048 3203 scriptae
1070 3123 1245 3204 pleraeque
1264 3122 1446 3205 aPhilippo
1461 3124 1682 3190 Melanthoue.
1727 3125 1772 3190 llt
1791 3143 1936 3192 excusae
1955 3125 2140 3190 inofficim
2160 3125 2331 3191 haeredum
2358 3187 2361 3194 .

380 3204 540 3290 „Georgii
554 3205 672 3286 thw.
715 3206 931 3290 thehergae
949 3207 1062 3270 1557?
1107 3207 1336 3290 tstptntpt
1358 3209 1389 3272 8.
1511 3217 1517 3226 “
1809 3208 1816 3221 “
2204 3253 2207 3260 .

198 3348 200 3352 ·
292 3321 470 3385 Praelatus
492 3333 544 3388 est
556 3321 684 3386 llberos
703 3322 735 3386 in
756 3323 894 3406 epistola
916 3323 1148 3406 nuncupatoria
1172 3321 1211 3386 ad
1225 3323 1384 3391 Batonem
1399 3293 1564 3387 Adamnm
1583 3325 1738 3410 Unpnud,
1758 3325 2136 3408 instaurantem,
2158 3339 2330 3411 qu'aevere
2419 3377 2420 3380 ¹

293 3407 372 3505 nihil
387 3407 546 3490 continet,
569 3405 654 3554 quod
674 3405 727 3470 hie
741 3409 844 3492 repeti
859 3417 1037 3490 mereatur,
1056 3425 1153 3492 quum
1166 3411 1339 3491 praecipue
1351 3419 1503 3472 versetur
1515 3411 1548 3470 in
1569 3410 1765 3476 refutatione
1789 3413 2039 3495 calumniarum,
2062 3415 2180 3496 quihus
2193 3415 2331 3484 Flauiani
2419 3473 2420 3480 ,

293 3492 347 3555 ιΙΙο
361 3502 507 3576 tempore
519 3493 577 3557 hle
590 3493 762 3556 anthonem
778 3506 812 3559 et
825 3496 1037 3558 Academiam
1054 3494 1180 3559 Witeh.
1195 3496 1464 3558 contaminabant.
1508 3491 1729 3574 Quaestiones
1742 3507 1819 3580 post
1834 3515 1954 3562 annum
1968 3497 2061 3562 1557.
2079 3500 2237 3563 recitatas
2253 3499 2331 3563 dedit

293 3577 405 3642 Maius
418 3579 449 3642 in
463 3581 566 3643 Tamo
583 3577 627 3642 V.
644 3577 933 3644 Declamationum.
978 3577 1199 3658 Quaestiones
1213 3582 1396 3664 argumenti
1412 3580 1589 3664 theologici
1604 3584 1702 3648 etiam
1716 3583 1892 3663 Penelius,
1914 3583 1974 3651 sed
1988 3587 2237 3670 praetermissis
2251 3587 2331 3652 allo·

234 3733 236 3741 ⁴
295 3663 492 3748 cutionihus,
513 3665 544 3728 in
562 3661 717 3732 Consiliis
732 3665 955 3732 Melanthonis
970 3666 1075 3730 latinis
1090 3666 1249 3748 repetivit.
1333 3753 1337 3758 Ι
1378 3749 1386 3760 ⁸

2003 3846 2030 3876 „
2126 3801 2157 3874 .·,·

1139 3985 1197 3998 υ*-
1202 3985 1282 3996 -ν-ν-
1285 3980 1495 3996 -r———v--w-
