4888 5962
282 235 359 315 717
872 213 1297 314 Quausrtouus
1331 211 1737 292 acanuntcatr.
1919 273 1933 282 .
2242 207 2323 284 718

288 406 444 504 peditior
471 403 518 476 sit
543 399 634 472 ratio
670 394 801 468 loliani
827 392 933 476 anni,
965 411 1072 486 quam
1102 387 1278 460 Mosaici?
1329 393 1417 476 cris,
1444 388 1727 462 ceremoniarum
1750 385 2041 464 tractationibus,
2067 395 2103 454 et
2116 380 2324 454 solennium

292 513 453 584 lulianus
475 495 585 576 habet
609 514 745 572 certum
768 495 864 569 initii
881 495 976 565 diem
997 493 1037 562 in
1051 489 1278 577 Calendario,
1328 494 1560 567 celebrationi
1574 492 1760 572 lectorum,
1778 505 1855 562 tum
1864 489 1983 582 operis
1992 485 2196 558 domesticis
2212 485 2330 578 aptis-

290 612 471 688 Mosaicus
502 619 637 678 certum
663 601 760 671 initii
780 599 875 670 diem
898 621 973 668 non
1006 591 1182 682 habebat,
1215 595 1278 666 sed
1329 598 1418 670 sime
1444 608 1689 688 congruentes.
1740 591 1793 664 Ea
1820 593 1860 662 in
1883 615 1922 662 rc
1948 589 2120 682 sapientia
2143 589 2326 681 expenda-

290 715 507 793 variabatur,
520 724 562 781 ut
577 703 805 777 novilunium
818 699 1019 794 proximum
1036 697 1277 792 aequinoctio.
1332 717 1392 774 eur
1410 701 1556 774 auroris,

293 816 524 909 Vagabantur
545 824 580 882 et
600 829 757 891 menses,
788 805 861 890 ita,
893 815 933 874 ut
957 825 998 870 ex
1022 801 1165 872 aestivis
1188 821 1279 892 pene
1433 800 1483 876 Ut
1504 800 1623 876 solem
1638 798 1735 872 Deus
1751 799 1918 870 eonditor
1933 793 2047 866 annui
2069 791 2179 884 spacii
2193 791 2326 881 gratis-

291 917 448 1016 hyberni
475 901 635 984 tierent(
674 907 861 980 Caeterum
886 902 1068 975 Mosaicus
1091 903 1213 974 oculos
1239 901 1280 970 in
1332 906 1440 976 simas
1458 904 1570 989 vices,
1595 927 1683 997 quas
1701 897 1801 998 cipue
1810 898 1942 972 Graeci
1958 908 2110 979 vocant,
2132 894 2273 966 efficere
2286 917 2328 964 ac

292 1024 431 1094 coelum
464 1017 643 1108 rapiebat,
682 1012 830 1083 iubebat
860 1007 1028 1078 attentius
1062 1005 1171 1098 aspici
1204 1028 1280 1074 non
1332 1023 1550 1100 temperare,
1576 1019 1611 1076 et
1627 1007 1756 1081 diurna
1771 1018 2016 1094 nocturnaque
2039 997 2176 1068 variare
2195 997 2324 1090 spacia,

291 1126 399 1195 modo
415 1121 574 1204 Lunam,
596 1117 657 1188 sed
675 1116 780 1184 etiam
797 1109 1013 1204 aequinoctii
1027 1122 1185 1200 tempus,
1209 1130 1280 1200 qua
1334 1110 1550 1182 collustratis
1577 1122 1613 1180 et
1635 1107 1818 1200 completis
1841 1107 1921 1176 luce
1942 1126 2005 1175 sua
2032 1113 2146 1172 terrae
2160 1099 2325 1192 partibus

294 1229 333 1296 in
357 1251 395 1296 re
417 1224 508 1292 mira
528 1221 597 1302 fuit
621 1216 764 1288 solertia
786 1228 945 1300 veterum
968 1211 1007 1280 in
1032 1209 1281 1282 observatione
1334 1214 1402 1284 sibi
1420 1212 1598 1296 obversis,
1624 1210 1772 1304 reliquis
1789 1233 1809 1278 a
1826 1231 1900 1278 sese
1914 1204 2046 1276 aversis
2061 1203 2236 1295 opacatis:
2263 1201 2324 1274 Sic

292 1329 502 1400 umbrarum
525 1337 563 1394 el
584 1320 691 1400 lucis,
713 1341 819 1412 quam
842 1315 1063 1404 diligentiam
1081 1312 1215 1382 minuit
1241 1312 1281 1380 in
1335 1320 1379 1386 de
1402 1314 1496 1388 Solis
1519 1337 1625 1384 cursu
1648 1326 1753 1405 atque
1779 1312 1993 1381 circumactu
2016 1320 2127 1376 metas
2142 1325 2324 1376 annorum

192 1467 194 1474 v
293 1430 429 1524 populo
450 1450 567 1498 annus
592 1421 766 1494 lolianus.
818 1417 889 1490 Sed
913 1429 946 1488 te
971 1439 1057 1506 rogo
1079 1413 1282 1487 doctissime
1335 1417 1502 1488 constitui
1529 1432 1564 1487 et
1588 1414 1748 1496 definiri,
1774 1437 1883 1506 eaque
1904 1409 2111 1493 intervalla,
2133 1431 2223 1502 quae
2241 1407 2325 1500 qui-

295 1542 522 1626 praeceptor,
547 1539 587 1598 ut
603 1521 688 1596 haec
704 1521 882 1616 copiosius
897 1519 1061 1610 explices.
1336 1521 1457 1591 busvis
1480 1521 1618 1589 duabus
1638 1516 1811 1608 proximis
1832 1513 1927 1586 Solis
1950 1514 1995 1584 ad
2018 1512 2115 1580 idem
2148 1523 2323 1602 punctum

649 1655 652 1662 '
1338 1621 1554 1716 aequinoctii
1595 1619 1697 1688 verni
1731 1616 2019 1690 restitutionibus
2054 1613 2323 1698 intercederent,

447 1793 455 1809 .
780 1779 849 1849 ,Β
900 1781 908 1800 .
957 1779 979 1848 h
1017 1747 1027 1763 ·
1156 1777 1219 1847 sp
1255 1777 1268 1845 ι
1337 1723 1515 1814 designari
1539 1722 1793 1815 observarique
1817 1733 1957 1790 tantum
1982 1739 2083 1786 veros
2107 1714 2188 1786 iusti
2206 1713 2319 1806 spacii

295 1795 472 1878 numm
500 1788 554 1858 Μ’
585 1789 942 1954 &affl-,qim
992 1779 1120 1868 ‘Mi'
1159 1801 1283 1882 -ave'
1337 1826 1449 1898 annui
1471 1826 1602 1896 limites
1625 1824 1752 1897 voluit.
1810 1820 1878 1892 His
1902 1818 2120 1902 intervallis,
2157 1830 2198 1888 ut
2217 1837 2319 1910 quae,

1026 2001 1028 2004 .
1338 1952 1542 2024 quanquam
1557 1939 1797 2010 mutarentur,
1812 1945 2002 2018 uunquam¹
2011 1920 2178 1991 fallerent
2193 1932 2324 2000 tamen,

397 2035 464 2109 Est
492 2033 641 2106 omnino
664 2028 850 2121 diligentia
874 2027 1028 2098 eruditio
1054 2021 1205 2109 homine,
1227 2024 1285 2096 di·
1339 2057 1403 2102 nec
1427 2045 1542 2102 tractu
1564 2051 1821 2120 progressuque
1843 2023 2012 2118 temporis
2037 2045 2195 2092 errorem
2221 2043 2324 2112 pare.

296 2166 383 2235 gna,
405 2139 588 2230 antiquas,
614 2135 778 2226 interque
796 2155 869 2204 sese
885 2131 1143 2220 discrepantes,
1168 2141 1203 2199 et
1217 2149 1286 2198 usu
1338 2149 1418 2205 rent
1432 2133 1605 2226 aliquem,
1631 2144 1693 2200 aut
1707 2129 1972 2212 contusionem,
1997 2125 2123 2196 seriem
2142 2147 2323 2194 annorum

205 2225 209 2236 ’
296 2244 384 2328 anni
406 2240 537 2310 loliani
560 2237 782 2320 obscuratas,
815 2233 902 2304 anni
933 2232 1090 2302 rationes
1122 2230 1286 2302 conside·
1340 2229 1787 2330 propriediscrevirDaus,

297 2368 395 2428 rare,
421 2364 511 2436 quas
522 2339 612 2410 aliae
631 2351 752 2428 gentes
773 2336 879 2420 alias,
905 2348 1092 2428 postquam
1113 2359 1133 2404 a
1159 2333 1286 2424 primis
1442 2333 1584 2409 Rursus
1604 2358 1684 2405 eum
1709 2331 1787 2406 Soli
1810 2329 1949 2402 Lunam
1975 2327 2153 2420 alligasset
2176 2353 2216 2399 ea
2238 2328 2326 2419 lege,

297 2459 501 2518 sauctorum
520 2441 666 2512 Patrum
693 2439 850 2528 vestigiis
877 2438 1125 2522 discesserant,
1149 2435 1286 2506 abiecta
1339 2453 1433 2510 ntea
1450 2439 1535 2510 solis
1551 2437 1740 2530 splendore
1764 2433 1950 2506 etlumine
1968 2456 2032 2502 ceu
2049 2443 2224 2512 recreata,
2250 2444 2324 2501 toto

176 2629 179 2635 Δ
298 2548 481 2620 doctrinae
504 2544 678 2614 divinitus
701 2541 853 2612 traditae
877 2539 1117 2631 professione,
1147 2537 1288 2628 excogi-
1339 2540 1515 2628 zodiaco,
1544 2553 1728 2610 menstruo
1753 2535 1890 2630 spacio,
1921 2533 2020 2608 chito
2052 2557 2093 2604 ac
2127 2547 2324 2628 peragrato,

297 2663 422 2724 tarunt
435 2661 540 2741 atque
558 2657 802 2736 usurparunt,
827 2641 884 2710 vel
899 2643 996 2735 quod
1017 2639 1120 2720 novis
1134 2639 1287 2710 delecta·
1338 2639 1458 2716 hausti
1491 2642 1638 2714 luminis
1658 2663 1803 2711 usuum
1825 2638 1929 2710 terris
1952 2637 2132 2720 redderet,
2163 2635 2323 2726 repetitis

298 2766 424 2823 rentur
440 2765 544 2843 atque
561 2746 756 2837 ingeniosis
772 2744 945 2828 inventis,
969 2745 1009 2812 in
1024 2767 1064 2813 ea
1080 2741 1287 2834 praesertim
1339 2747 1464 2816 iisdem
1488 2747 1610 2816 eadem
1636 2744 1712 2833 lege
1733 2741 1872 2812 vicibus
1899 2739 2087 2810 continuo:
2128 2740 2173 2808 de
2198 2735 2324 2810 Lunae

297 2868 447 2926 naturae
465 2864 580 2944 parte,
608 2873 698 2944 quae
713 2848 856 2938 longius
873 2871 893 2916 a
915 2858 1107 2938 conspeetu
1135 2844 1287 2936 seposita
1339 2872 1446 2919 cursu
1460 2871 1580 2918 annua
1595 2845 1780 2918 intervalla
1802 2844 1841 2916 in
1865 2855 1978 2914 certos
1994 2842 2092 2912 velut
2111 2841 2191 2911 lissa
2208 2840 2326 2930 diges-

298 2971 421 3028 n⁰⁵lr⁰
446 2967 551 3047 ³quss
567 2953 718 3036 seclusa,
743 2951 864 3020 minus
887 2948 1038 3040 perspici
1060 2971 1080 3017 a
1097 2947 1226 3040 quovis
1254 2957 1288 3015 rt
1339 2951 1385 3022 sit
1399 2951 1584 3031 articulos,
1600 2949 1737 3020 vitaeet
1752 2945 1954 3018 actionibus
1968 2943 2325 3036 populiconvenien·

299 3055 530 3153 pervestigari
549 3067 675 3146 potest.
715 3051 783 3122 Vel
800 3052 919 3143 potius
934 3074 1013 3122 cum
1029 3049 1197 3140 religioni
1213 3048 1288 3140 pri-
1339 3067 1402 3126 tes.
1458 3051 1622 3146 Cumque
1647 3051 1925 3143 septimanarum
1947 3046 2152 3120 distributio
2175 3040 2324 3138 pulchre

299 3184 379 3230 mae
394 3173 429 3230 et
443 3155 711 3249 antiquissimae
726 3154 932 3244 impellente
955 3152 1120 3236 diabolo,
1146 3165 1289 3222 contra·
1340 3158 1383 3226 ad
1402 3154 1526 3225 Lunae
1547 3146 1679 3249 φάσεις
1700 3153 1911 3246 quadraret,
1937 3173 2027 3243 quae
2052 3148 2176 3241 primis
2191 3171 2213 3217 a
2227 3147 2325 3218 coitu

301 3262 354 3333 ria
379 3260 500 3330 omnia
524 3269 736 3340 statuerent,
770 3269 811 3326 ut
835 3253 922 3324 anni
947 3278 1089 3347 quoque
1112 3253 1286 3323 rationem
1340 3257 1468 3330 diebus
1497 3271 1669 3328 curvatur
1699 3256 1738 3324 in
1764 3277 1919 3332 cornua,
1953 3252 2103 3343 septimo
2129 3249 2322 3320 dimidium

301 3363 473 3434 variatam
491 3357 666 3429 institutis
691 3357 765 3426 suis
781 3357 1107 3439 accommodarent,
1132 3379 1178 3425 ne
1200 3355 1287 3447 quid
1340 3360 1477 3454 profert
1498 3361 1638 3443 orbem,
1664 3355 1932 3450 decimoquarto
1954 3355 2011 3424 vel
2030 3352 2189 3438 circiter,
2213 3353 2321 3445 pleno

302 3462 455 3535 mutuati
478 3461 645 3553 apopulo
667 3456 755 3545 Dei,
780 3472 815 3529 et
838 3457 1026 3528 retinuisse
1048 3481 1090 3528 ex
1115 3457 1288 3548 praescri·
1340 3464 1427 3533 orba
1449 3461 1610 3550 effulget:
1640 3483 1715 3528 nou
1736 3459 1853 3550 ipsum
1879 3455 2098 3550 aequinoctii
2125 3455 2237 3539 diem,
2259 3455 2322 3524 sed

176 3557 178 3562 ¹
300 3581 363 3660 pto
377 3563 446 3636 Dei
459 3575 493 3634 et
509 3561 775 3654 dispensatione
790 3561 1007 3632 viderentur.
1061 3557 1135 3632 Nec
1159 3583 1286 3651 parum
1340 3565 1431 3634 illud
1446 3565 1543 3656 quod
1560 3561 1719 3654 proxime
1744 3561 1945 3632 succederet
1967 3557 2201 3630 interlunium
2223 3579 2319 3626 anuo

301 3665 388 3740 haec
414 3667 489 3758 ipsa
513 3664 773 3734 animadversio
800 3663 1013 3755 collatioque
1046 3677 1081 3734 et
1112 3661 1289 3746 discretio,
1340 3665 1559 3759 principium
1594 3663 1763 3756 praehere
1796 3662 1926 3748 voluit,
1955 3675 1999 3732 ut
2031 3661 2093 3732 illa
2130 3657 2324 3730 variatione

239 3854 242 3860 ¹
299 3772 390 3844 lucis
407 3769 521 3839 adfert
534 3767 713 3838 annotatis
729 3761 973 3836 historiarum.
1340 3779 1521 3839 menstrua
1543 3765 1758 3856 elligierum,
1789 3762 1894 3836 Luna
1926 3763 2206 3856 septimanarum
2228 3760 2325 3832 velut

401 3869 525 3940 Prima
539 3869 625 3940 citra
641 3866 918 3939 controversiam
934 3878 969 3936 et
983 3865 1220 3938 vetustissima
1237 3877 1289 3936 est
1342 3869 1510 3940 articulos
1526 3868 1750 3959 intersepiret
1767 3880 1800 3938 et
1816 3867 2027 3957 designaret.

302 3973 389 4046 anni
416 3971 625 4062 descriptio,
655 3971 864 4062 notatisque
898 3969 1005 4062 quam
1034 3969 1168 4060 populo
1191 3965 1289 4038 Deus
1444 3969 1692 4046 Veruntamen
1708 3993 1753 4040 ne
1772 3964 1842 4039 hoc
1856 3969 1973 4062 ipsu'm
1995 3966 2083 4038 anni
2107 3967 2325 4059 principium

302 4077 378 4168 ipse
392 4097 456 4144 sun
474 4095 600 4164 magna
615 4073 786 4163 sapientia
800 4073 840 4148 in
856 4069 931 4138 dies
944 4071 1052 4140 festos
1066 4083 1100 4140 et
1116 4071 1289 4161 profestos
1343 4074 1488 4144 incertis
1503 4075 1686 4144 oberraret
1700 4072 1862 4156 sedibus,
1887 4084 1922 4141 et
1937 4083 2091 4164 quatuor
2107 4069 2194 4138 anni
2210 4068 2328 4138 cardi-

303 4175 489 4250 exordiae
515 4187 549 4247 et
571 4175 647 4262 lege
663 4187 824 4244 motuum
841 4171 1047 4244 coelestium
1063 4172 1288 4242 distributam
1342 4198 1405 4244 nes
1419 4187 1687 4268 pervagaretur,
1715 4177 1812 4268 quod
1829 4171 2032 4253 accidisset,
2055 4171 2087 4242 si
2110 4195 2131 4242 a
2156 4170 2234 4242 solo
2249 4167 2327 4242 Lu·

302 4277 468 4363 tradidit;
495 4276 745 4372 eaqueseriem
763 4288 964 4366 temporum
981 4275 1216 4369 aequabiliter
1233 4275 1290 4344 di·
1342 4301 1409 4347 nae
1429 4292 1531 4350 motu
1552 4276 1794 4369 dependisset,
1828 4289 1869 4348 ut
1894 4275 2042 4347 caeteris
2067 4272 2234 4364 gentibus
2259 4295 2327 4344 usu

304 4379 440 4472 stingui
456 4391 491 4450 et
506 4377 689 4448 numerari
704 4377 829 4448 voluit.
868 4373 1093 4467 Congruebat
1111 4391 1229 4449 autern
1245 4379 1289 4446 ad
1343 4379 1461 4462 venit,
1488 4381 1594 4464 inde,
1620 4379 1715 4472 quod
1729 4378 1852 4448 Lunae
1867 4378 2054 4447 duodecim
2076 4375 2328 4450 conversiones

303 4482 453 4556 luminis
467 4479 653 4573 utriusque
673 4479 758 4548 solis
772 4479 949 4573 lunaeque
970 4479 1138 4550 circuitus
1155 4493 1190 4550 et
1203 4500 1304 4549 eon·¹
1344 4507 1363 4550 a
1381 4479 1476 4552 Solis
1491 4481 1641 4574 periodo
1657 4480 1847 4564 deliciunt,
1873 4478 1969 4554 dieb.
1987 4480 2044 4552 10.
2057 4473 2136 4551 hor.
2146 4479 2209 4550 21.
2228 4501 2327 4547 scru-

302 4587 495 4658 versiones.
547 4575 744 4652 inchoabat
767 4605 901 4651 aunum
920 4583 1074 4674 populus
1090 4579 1158 4652 Dei
1177 4583 1221 4652 ab
1249 4606 1291 4651 eo
1344 4584 1438 4676 pulis
1461 4583 1586 4675 primis
1607 4581 1664 4653 11.
1685 4582 1848 4654 secundis
1863 4581 1921 4653 ts.
1943 4581 2057 4652 tertiis
2071 4576 2135 4652 18.
2158 4579 2330 4651 tredecim

254 4736 256 4740 ι
303 4686 519 4770 interlunio,
536 4684 633 4778 'quod
651 4707 802 4754 vernum
817 4683 1081 4777 aequinoctium
1097 4705 1292 4776 conseque-
1345 4685 1493 4755 eandem
1519 4698 1700 4777 superant:
1728 4685 1852 4755 diebus
1871 4683 1929 4754 18.
1950 4678 2048 4754 boris
2075 4681 2138 4758 16.
2152 4681 2331 4774 scrupulis

304 4790 430 4874 batur,
455 4802 489 4860 et
503 4789 548 4858 de
563 4785 688 4858 Lunae
703 4799 872 4879 tanquam
891 4785 1078 4875 magistrae
1101 4785 1292 4856 indicatio-
1346 4787 1470 4878 primis
1494 4782 1564 4865 15.
1616 4784 1753 4856 Idcirco
1779 4802 1888 4860 metas
1909 4786 2162 4870 circumdedit,
2197 4785 2330 4879 quibus

305 4889 432 4975 nibus,
457 4890 501 4960 de
522 4887 903 4961 circumvolutionibus
925 4887 1019 4970 eius,
1047 4888 1293 4978 congressibus
1344 4889 1448 4960 idad
1472 4888 1736 4983 aequinoctium
1757 4913 1908 4960 vernum
1930 4902 2099 4982 tanquam
2127 4901 2264 4960 certum
2296 4901 2332 4960 et

307 5015 390 5064 cum
414 4989 517 5075 Sole,
542 4991 738 5062 recessibus
762 4989 808 5060 ab
822 5013 883 5075 eo,
908 4989 1224 5062 constitutionibus
1250 5014 1292 5060 ex
1346 4990 1596 5084 conspicuum,
1620 4991 1838 5086 minimeque
1854 5005 1925 5063 tam
1941 4989 2060 5063 subito
2069 4988 2211 5062 varians
2228 4989 2331 5081 prin-

306 5094 498 5176 diametro,
523 5091 607 5163 inde
628 5091 799 5165 continua
823 5090 932 5178 serie,
951 5115 1016 5163 ceu
1033 5091 1183 5164 siventia
1201 5105 1292 5164 tem-
1347 5093 1481 5186 cipium
1501 5093 1682 5175 astrinxit,
1709 5119 1781 5188 quo
1800 5095 2096 5178 admonerentur,
2117 5103 2160 5162 ut
2181 5094 2228 5162 de
2252 5115 2330 5162 cer-

305 5220 394 5290 pora
417 5194 457 5266 in
477 5193 689 5286 septimanas
703 5193 912 5281 dirimebat,
937 5217 1018 5266 cum
1041 5193 1216 5268 exercitiis
1236 5217 1294 5266 sa-
1346 5195 1391 5267 tis
1404 5193 1690 5289 praestitutisque
1707 5194 1802 5268 Solis
1818 5195 2199 5290 circuqulutionibus
2211 5195 2328 5286 spacia

778 5354 786 5362 .
1346 5297 1525 5390 periodica
1546 5297 1816 5389 distinguerent.
1873 5291 2012 5368 Eadem
2040 5320 2163 5370 rursus
2185 5297 2231 5366 de
2252 5293 2329 5368 Lu·

340 5425 371 5490 a)
390 5413 427 5478 td
440 5419 568 5479 nectam.
586 5404 743 5486 nem·
757 5420 881 5486 οωροη·
890 5415 1016 5476 Permrt.
1303 5401 1308 5408 ’
1346 5423 1413 5470 nae
1446 5398 1652 5472 circuitibus
1684 5401 1729 5470 ad
1762 5421 1847 5472 usus
1879 5400 2042 5493 publicos
2074 5398 2327 5470 convenienter
