4888 5962
283 210 357 288 aar
790 279 793 288 ,
844 139 1291 291 'ooaesrrooes
1330 193 1733 279 tennemonn.
2246 201 2325 278 ne

286 397 361 448 non
386 374 502 446 solum
521 369 764 461 intelligamus
788 369 926 446 emdite
942 369 1037 442 dicta
1058 391 1282 448 summorum
1333 368 1555 444 doctissimos
1571 366 1672 443 nicos
1694 367 1883 456 exsensis,
1908 369 1973 464 qui
1993 369 2222 462 interrogati,
2247 391 2329 444 cum

285 475 495 559 hominnm,
521 475 711 546 sedetiam
735 485 776 544 ut
797 473 842 544 ad
865 487 1026 543 nostrum
1047 495 1152 547 usum
1169 494 1209 540 ac
1228 469 1283 538 vi·
1332 473 1615 566 respondissent,
1640 496 1677 546 se
1699 466 1825 546 afferre
1846 471 2086 565 Sapientiam,
2112 474 2264 544 miratus
2280 487 2332 546 est

285 597 357 654 tam
372 577 697 662 accommodemus,
724 589 757 645 et
772 589 868 647 extra
885 569 1053 645 Scholarn
1072 597 1114 646 er
1136 572 1282 664 pulvere
1333 575 1473 666 sapiens
1484 573 1674 666 Princeps,
1700 573 1796 646 viros
1810 593 1932 666 graves
1952 589 2091 648 tantum
2109 577 2154 646 de
2170 601 2208 648 se
2222 575 2332 670 polli-

286 685 326 760 in
343 681 483 767 Solem,
509 695 544 752 et
559 680 656 752 velut
677 679 716 751 in
739 678 849 749 aciem
868 679 1101 768 proferamus.
1135 673 1283 749 Monet
1332 678 1424 762 ceri,
1446 691 1480 748 et
1496 677 1654 767 cogitans
1669 697 1834 766 magnam
1855 699 1929 762 csse
1947 701 2089 752 cautam
2110 674 2220 752 huius
2244 701 2331 748 con-

286 800 406 858 autem
419 807 484 854 nos
498 779 583 854 hacc
599 780 772 853 sententia
787 779 832 848 de
847 779 1010 850 maximis
1032 779 1156 863 rebus,
1181 776 1281 846 vide-
1333 780 1424 865 silii,
1458 777 1625 868 Quaerit,
1650 780 1715 874 qui
1735 779 1839 866 sinti·
1858 793 1899 852 etr
1914 781 2012 852 uude
2036 781 2198 871 gentium
2223 781 2333 852 adve-

286 889 386 973 licet,
414 885 477 980 qui
500 885 652 954 debeant
678 903 752 954 esse
776 883 906 971 gradus
933 881 973 950 in
992 879 1282 971 Rebuspublicis,
1334 882 1453 968 nient,
1476 881 1528 952 ait
1545 881 1616 952 sibi
1630 882 1771 953 nullum
1787 905 1917 956 munus
1933 883 2053 954 afferri
2068 884 2203 974 gratius
2218 906 2334 976 posse,

288 1005 323 1062 et
340 1011 385 1060 ne
400 983 588 1058 harmonia
604 986 666 1056 illa
683 986 860 1070 turbetur,
885 1006 988 1058 suum
1004 983 1133 1076 cuique
1151 1004 1282 1055 munus
1335 1006 1442 1078 qnam
1459 983 1688 1076 Sapientiam,
1703 983 1826 1078 siquid
1838 985 1927 1058 utile
1941 986 2049 1058 rebus
2062 979 2231 1060 humanis
2246 1009 2332 1078 pro-

289 1093 479 1181 diligentcr
510 1090 719 1160 obeundum
752 1109 838 1157 esse.
897 1081 945 1158 Et
971 1086 1140 1179 quoniam
1167 1105 1282 1155 unum
1334 1088 1513 1158 fiteantur.
1566 1084 1623 1160 lbi
1639 1088 1867 1178 respondent,
1892 1085 2067 1160 seScotos
2083 1111 2175 1174 esse,
2201 1101 2333 1160 etcum

287 1195 469 1290 quoddam
490 1183 664 1284 σύστημα
684 1203 755 1270 est,
781 1202 1014 1280 attemperare
1037 1187 1282 1280 unusquisque
1334 1190 1514 1261 audissent
1528 1188 1646 1280 ipsum
1659 1189 1789 1260 virtute
1805 1203 1839 1262 ot
1854 1189 2011 1282 potentia
2027 1192 2197 1262 excellere
2212 1190 2333 1262 omni·

287 1321 387 1368 snam
415 1289 640 1366 harmoniam
666 1291 711 1364 ad
739 1290 889 1363 aliarum
919 1313 1048 1365 vocum
1074 1289 1284 1382 proportio-
1334 1293 1401 1362 bus
1420 1288 1600 1380 Regibus,
1633 1303 1667 1361 et
1691 1303 1810 1364 temen
1830 1286 1947 1364 adhuc
1970 1287 2120 1366 Scholas
2143 1295 2178 1364 ei
2201 1294 2332 1378 deesse,

287 1424 394 1484 nem,
418 1391 488 1466 hoc
512 1409 584 1476 est,
608 1395 655 1464 ad
680 1393 833 1464 aliorum
856 1393 1047 1464 utilitatem
1065 1406 1099 1464 et
1120 1405 1282 1463 mutuam
1334 1418 1372 1466 se
1395 1394 1583 1467 consilium
1610 1392 1723 1484 ipsius
1747 1394 1904 1468 adcundi
1925 1395 2074 1487 cepisse,
2099 1411 2141 1468 ut
2163 1419 2246 1468 eum
2267 1396 2333 1468 ed-

287 1498 517 1573 concordiam
538 1497 653 1569 debet
702 1494 888 1583 ‘Quantam
910 1490 997 1566 haec
1020 1494 1093 1569 vim
1117 1488 1283 1581 habeant,
1335 1493 1564 1566 hortarentur
1581 1496 1624 1564 ad
1643 1490 1792 1566 Scholas
1808 1497 2084 1583 constituendas,
2108 1522 2220 1593 eaque
2237 1499 2276 1568 in
2292 1521 2333 1568 re

287 1605 328 1674 in
341 1599 520 1674 Ecclesiae
536 1597 696 1691 exemplo
715 1599 818 1670 facile
834 1596 991 1690 conspici
1007 1609 1132 1687 potest.
1159 1665 1161 1672 ,
1179 1593 1282 1666 Reli·
1336 1598 1552 1691 pollicentur
1569 1621 1713 1688 operam
1729 1621 1842 1684 suom,
1866 1613 1906 1670 ut
1923 1599 2047 1678 literae
2062 1625 2181 1672 rursus
2195 1601 2235 1670 in
2250 1597 2332 1670 Eu-

289 1727 380 1800 quae
409 1715 494 1774 sunt
516 1701 649 1772 multae
671 1715 706 1772 et
728 1723 851 1791 mares
873 1699 1132 1792 disputationes
1150 1692 1220 1770 hoc
1244 1697 1284 1766 in
1335 1725 1460 1793 ropam
1474 1713 1765 1792 propagarentur,
1791 1723 1881 1795 quae
1896 1703 1940 1774 ad
1956 1701 1992 1774 id
2009 1715 2143 1795 ternpus
2154 1704 2195 1774 iu
2210 1701 2329 1776 sontis

288 1810 367 1878 loro
382 1803 558 1889 Platonis,
583 1825 671 1898 quas
687 1804 833 1888 omitto,
860 1816 893 1874 et
908 1815 1018 1874 totam
1032 1795 1127 1875 hanc
1141 1821 1283 1876 causam
1336 1817 1473 1874 tautum
1503 1802 1738 1878 delituissent.
1795 1801 1947 1876 Carolus
1978 1806 2176 1876 collaudato
2202 1825 2329 1877 eornm

288 1908 495 2000 diligentius
520 1905 764 1996 explicandam
779 1905 983 1976 doctissimo
1006 1903 1085 1974 viro
1103 1900 1148 1978 D.
1163 1900 1284 1992 Magi·
1336 1905 1485 1977 consilio
1503 1900 1697 1976 honorilice
1712 1927 1771 1978 eos
1785 1906 1931 1998 excepit.
1958 1904 2070 2002 ldque
2085 1909 2213 1984 dieram
2223 1907 2333 1980 luisse

289 2027 362 2087 stro
381 2001 603 2082 Alexandro
617 2003 745 2082 aloto
758 2008 980 2078 commendo.
1027 2003 1124 2078 Dixi.
1239 2049 1243 2060 ·
1336 2008 1482 2080 initium
1510 2002 1725 2080 Academiae
1749 2005 1983 2096 Parisiensis,
2020 2024 2054 2082 et
2086 2010 2176 2082 alter
2207 2034 2250 2080 ex
2276 2003 2335 2083 his

301 2203 303 2210 y
526 2129 553 2206 j
892 2185 900 2203 ⁸
1033 2185 1061 2203 ..
1170 2180 1179 2202 g
1336 2107 1512 2180 Alcuinus
1534 2110 1621 2192 suit,
1652 2109 1755 2180 cuius
1779 2123 1898 2182 extant
1920 2112 2023 2197 libri,
2056 2137 2164 2205 quem
2187 2123 2335 2205 apparet

371 2191 552 2279 Ml’mw
574 2185 628 2256 M·
658 2185 899 2255 Alm'ldr‘
920 2185 1061 2257 ‘ssim
1087 2179 1188 2254 Μ’·
1336 2209 1465 2284 Carolo
1490 2225 1636 2304 propter
1660 2212 1859 2284 doctrinam
1880 2211 2334 2286 serberiamiliarissimum.

390 2315 461 2386 Hic
476 2316 575 2386 locus
589 2337 664 2382 non
681 2325 732 2382 est
746 2325 849 2403 aptus
863 2310 1041 2402 copiosius
1055 2307 1286 2401 explicandae
1337 2310 1372 2386 Ο
1391 2315 1564 2404 ogregiam
1581 2312 1751 2388 virtutem
1766 2313 1898 2388 Caroli,
1956 2313 2027 2386 Hie
2043 2318 2139 2388 onim
2158 2341 2240 2388 oum
2254 2313 2335 2388 Rex

289 2418 547 2496 eruditissimae
571 2413 732 2492 Platonis
761 2413 975 2498 sententiae,
1012 2435 1128 2504 neque
1159 2411 1284 2502 deplo-
1337 2430 1444 2500 esset,
1484 2431 1602 2488 tamen
1636 2412 1729 2486 hanc
1761 2415 2022 2490 Geometricam
2061 2420 2333 2512 proportionem

287 2523 411 2594 randis
425 2515 604 2592 Ecclesiae
618 2531 653 2588 et
668 2514 902 2608 Reipublicae
919 2513 1188 2586 calamitatibus.
1235 2507 1283 2582 Et
1336 2503 1567 2598 consonavit,
1585 2519 1973 2610 delegitvirosdoctos,
1989 2521 2218 2616 quibuscum
2233 2520 2336 2612 regni
2439 2525 2440 2590 ἶ

288 2625 402 2698 oratio
426 2636 489 2694 tua
508 2619 696 2690 renovavit
715 2613 808 2690 mihi
830 2616 1097 2688 acerbissimum
1113 2615 1284 2700 dolorem,
1336 2620 1679 2693 administrationem
1703 2621 2011 2694 oommuoioooor„
2048 2622 2154 2694 Nono
2173 2625 2236 2696 ispi
2258 2623 2332 2719 Ty.

287 2751 360 2822 quo
376 2724 532 2809 afficior,
557 2723 695 2816 quoties
716 2721 757 2792 in
780 2733 936 2790 mentem
953 2719 1052 2790 venit
1067 2713 1142 2793 eius
1156 2717 1283 2788 crude·
1336 2724 1443 2796 ranni
1458 2718 1553 2795 nihil
1565 2727 1720 2796 oderunt
1735 2724 1905 2811 acerbius,
1929 2749 2037 2820 quam
2054 2727 2186 2802 literas.
2220 2726 2334 2798 Porro

286 2828 416 2913 litatis,
448 2849 539 2920 qnae
572 2825 611 2894 in
640 2848 718 2894 mea
745 2823 859 2914 patria
890 2822 1059 2892 adversus
1087 2816 1283 2889 Ecclesiam
1336 2829 1381 2896 ad
1408 2826 1652 2918 explicandam
1678 2839 1776 2896 tuam
1801 2828 2044 2921 quaestionem
2068 2853 2160 2922 opus
2189 2843 2267 2901 erat
2290 2831 2335 2900 de

288 2943 481 3003 exercetur.
532 2925 646 2997 Multi
663 2926 760 2996 docti
775 2939 810 2994 et
826 2923 913 2995 boni
929 2924 998 2992 viri
1012 2922 1284 3005 interficiuntur,
1334 2928 1629 3021 proportionibus
1649 2929 1785 3014 dicere,
1816 2930 1880 3023 qui
1902 2929 2002 3003 locus
2023 2913 2086 3003 hic
2112 2956 2186 3004 uon
2215 2945 2334 3023 potest

286 3033 394 3106 multi
408 3029 548 3102 nobiles
562 3028 756 3100 eliciuntur
769 3047 812 3098 ex
827 3026 940 3118 patria
956 3025 996 3094 in
1011 3025 1176 3108 erilium,
1202 3047 1283 3092 cum
1336 3030 1466 3122 erponi
1480 3043 1586 3104 totus.
1622 3028 1707 3100 ldeo
1724 3031 1931 3104 differemus
1946 3027 2040 3104 hanc
2053 3035 2334 3128 disputationem

287 3134 500 3225 coniugibus
520 3145 555 3202 et
577 3130 695 3222 parvis
718 3128 860 3213 liberis,
891 3141 925 3198 el
947 3127 1046 3219 prius
1075 3126 1284 3196 adimuntur
1336 3133 1375 3202 in
1389 3133 1488 3204 aliud
1504 3146 1644 3225 tempus
1660 3135 1895 3208 commodius,
1944 3133 2046 3208 Dixi,

289 3239 339 3310 eis
362 3235 564 3319 facultates,
589 3232 786 3304 inuruntur
807 3231 970 3319 stigmata
988 3227 1161 3301 matronis
1177 3226 1283 3301 nobi-

287 3341 400 3425 libus,
424 3336 652 3430 pcrlnrantur
675 3333 819 3422 linguae
837 3333 1008 3402 candente
1031 3331 1141 3400 ferro.
1191 3325 1283 3401 Cum

288 3443 490 3514 educuntur
506 3439 553 3508 ad
575 3459 703 3527 rogum
721 3434 889 3508 destinati
906 3433 1001 3524 igni,
1027 3432 1284 3526 praeciduntur
1350 3469 1405 3542 No
1443 3475 1489 3547 12
2056 3481 2098 3544 ¹7
2125 3482 2159 3546 A
2227 3483 2311 3546 ¹53⁶

289 3544 515 3636 eislinguae,
541 3540 726 3612 nedicunt
747 3539 792 3608 ad
815 3536 1000 3628 populum.
1051 3533 1113 3606 sic
1129 3533 1285 3606 saevitur
1344 3525 1516 3604 *22³2
2036 3506 2332 3621 *jaff-..2

288 3647 329 3718 in
350 3642 515 3718 homines
535 3643 764 3725 innoeentes,
796 3639 827 3708 si
854 3639 918 3733 qui
939 3638 1110 3710 dicuntur
1129 3635 1283 3728 aliquem
1402 3671 1434 3727 1„
1454 3673 1567 3742 om,
1587 3691 1614 3745 p.
1635 3671 1702 3730 seb.
1722 3690 1782 3747 sqq.
1832 3675 1902 3730 pm„
1923 3673 1952 3729 ᾖ,
1977 3673 2113 3731 Menon.
2135 3675 2234 3732 mesta
2268 3676 2324 3731 Η

287 3750 516 3826 manifestum
550 3746 700 3816 abusum
731 3742 857 3814 leviter
889 3735 1170 3831 reprehendisse.
1229 3736 1285 3808 lbi
1440 3763 1468 3816 r·
1483 3745 1543 3800 266·
2236 3713 2245 3734 ⁹
2289 3713 2333 3736 '⁸

288 3875 372 3922 vere
404 3861 569 3942 apparet,
611 3843 859 3941 Tyrannidem
892 3841 1176 3913 inimicissimam
1210 3861 1284 3910 esse

287 3951 503 4072 EFilem-
527 3948 612 4022 ΝΜ
639 3947 735 4018 enim
764 3945 865 4016 alind
880 3957 1002 4064 ,agunt
1027 3943 1083 4013 iffi
1108 3940 1285 4062 Tyfanni’
1362 3989 1638 4091 astrologicae?
1662 3995 1828 4063 recitata
1848 3993 2012 4064 adeor
2047 3996 2090 4064 ie
2116 3999 2202 4067 lon
2237 3995 2308 4069 lt·-

289 4078 361 4125 msr
372 4068 415 4136 ut
429 4065 613 4123 veritatem
626 4069 772 4140 prorsus
786 4061 1002 4140 opprrmant
1035 4041 1086 4116 At
1101 4057 1284 4116 ueritatem
2013 4015 2041 4088 9
2210 4019 2231 4070 ⁰
2272 4023 2286 4071 ⁸

288 4156 441 4226 maxime
462 4153 636 4224 illustrari
659 4150 819 4244 oportuit
840 4149 886 4220 ab
914 4143 990 4234 his,
1024 4147 1087 4242 qui
1116 4159 1285 4240 praesunt
1462 4117 1530 4170 Μ
1557 4095 1781 4186 Rhelmt
1819 4091 2069 4188 d·¹⁷·¹41’¹‘2'l·
2092 4095 2205 4172 153⁶·

288 4253 479 4330 ΕὓῑῙθὸἷθθ·
1337 4229 1496 4338 Semper
1521 4246 1560 4314 in
1584 4245 1752 4315 omnibus
1775 4245 1883 4314 rebus
1904 4258 2078 4338 quantum
2101 4247 2225 4338 potui,
2252 4249 2331 4320 dedi

370 4353 518 4431 Adhacc
532 4356 621 4450 quid
635 4355 755 4426 minus
767 4351 935 4424 convenit
948 4351 1164 4444 pastoribus,
1178 4373 1284 4443 quam
1336 4369 1499 4441 operam,
1522 4361 1655 4418 utnon
1671 4347 1788 4417 solum
1803 4346 1916 4417 officia
1933 4372 2028 4434 mea,
2052 4351 2112 4419 sed
2129 4351 2241 4420 etiarn
2257 4377 2334 4422 mo-

288 4463 394 4555 lupos
416 4482 490 4532 esse
514 4458 636 4550 gregi?
687 4455 787 4546 Quid
809 4454 929 4524 minus
955 4454 1123 4529 convenit
1148 4447 1285 4522 Christi
1336 4474 1391 4520 res
1418 4451 1489 4520 mei
1512 4449 1615 4520 vobis
1638 4449 1884 4541 probarentur.
1936 4447 2009 4520 Nec
2030 4451 2220 4547 quicquam
2244 4449 2335 4524 mihi

287 4566 473 4649 ministro,
499 4583 606 4656 quam
627 4561 785 4630 membra
798 4551 934 4628 Christi
956 4555 1177 4626 interficere?
1208 4551 1285 4622 lam
1336 4551 1496 4622 acerbius
1517 4553 1674 4622 accidere
1698 4565 1830 4643 posset,
1857 4575 1962 4645 quarn
1979 4551 2009 4621 si
2023 4553 2063 4622 in
2082 4579 2137 4624 me
2156 4557 2335 4648 pudorem

288 4662 357 4737 hoc
375 4667 488 4757 magis
509 4663 748 4734 miserandum
768 4673 835 4745 est,
868 4673 1006 4730 tantum
1031 4681 1103 4728 esse
1125 4659 1284 4726 furorem
1336 4669 1370 4726 et
1383 4655 1591 4726 modestiam
1604 4653 1799 4724 desiderari
1811 4653 2058 4744 intelligerem.
2091 4654 2335 4746 Quaremodo

291 4769 498 4860 pontificum
521 4767 560 4836 in
590 4789 630 4858 ea
652 4761 792 4848 lnsula,
824 4785 915 4855 quae
939 4761 1121 4854 quondam
1143 4756 1284 4828 Galliac
1336 4757 1458 4843 etiam,
1484 4782 1565 4828 cum
1587 4756 1731 4849 publica
1754 4758 1973 4828 consuetudo
1995 4753 2085 4828 mihi
2103 4759 2143 4829 in
2167 4754 2334 4834 hocloco

289 4882 395 4963 atque
412 4868 626 4940 Germaniae
647 4865 813 4956 magistra
838 4863 1022 4953 religionis
1042 4861 1131 4945 suit„
1155 4883 1198 4928 er
1212 4883 1281 4952 qua
1335 4860 1480 4930 dicendi
1495 4859 1735 4930 necessitatem
1751 4857 1982 4950 imposuerit,
2004 4885 2069 4931 vos
2084 4885 2192 4953 rogo,
2219 4878 2265 4936 ut
2279 4889 2335 4936 mo

1363 3891 1562 3975 Quaestio:
1602 3912 1655 3962 on
1680 3889 1783 3986 leges
1804 3885 1997 3960 damnent
2024 3888 2308 3982 praedictiones

288 4971 387 5040 velut
409 4967 580 5042 Coloniae
602 4963 752 5042 Scholae
775 4967 815 5037 in
836 4961 974 5036 Gallias
997 4977 1030 5034 et
1053 4961 1282 5032 Germaniam
1335 4961 1451 5038 officio
1468 4961 1603 5054 potius,
1628 4985 1734 5055 qaam
1749 4959 1884 5050 ingenii
1901 4961 2030 5032 fiducia
2047 4967 2243 5036 adductum
2262 4968 2334 5036 exi·
2439 5001 2440 5012 κ

288 5075 458 5143 deductae
482 5085 584 5159 sunt,
610 5095 701 5166 quae
724 5065 919 5160 hospitium
938 5065 1051 5139 literis
1074 5064 1186 5155 pulsis
1208 5076 1281 5134 tota
1334 5064 1505 5150 stimetis,
1535 5063 1635 5135 utin
1660 5057 1725 5137 hac
1748 5086 1878 5156 pompa
1899 5058 1964 5134 has
1987 5080 2103 5156 partes
2127 5068 2333 5161 reciperem.
2439 5089 2440 5100 ¹

287 5171 434 5269 Europa
447 5174 622 5266 praebuit,
647 5197 775 5266 easque
789 5183 910 5263 postea
926 5167 1130 5263 tranquillis
1144 5181 1279 5258 tempo-
1333 5163 1496 5260 Cumque
1514 5179 1561 5258 ut
1583 5189 1705 5256 spero,
1736 5189 1803 5255 pro
1831 5161 2053 5240 humanitate
2077 5183 2114 5242 et
2139 5171 2332 5262 prudentie

288 5278 387 5380 ribus
405 5298 528 5348 rursus
546 5273 741 5346 liberaliter
755 5273 835 5344 aliis
851 5270 1056 5365 impertivit.
1115 5268 1282 5362 Legimus
1333 5283 1448 5340 vestra
1471 5268 1627 5338 officium
1652 5291 1772 5338 meum
1794 5268 2012 5359 probabitis,
2037 5295 2167 5364 quaeso
2189 5285 2232 5344 ut
2251 5297 2332 5346 ors-
2439 5293 2440 5324 i

288 5379 383 5450 enim
405 5382 450 5452 ad
469 5375 640 5451 Carolum
660 5399 829 5469 magnum
854 5372 1008 5446 Parisios
1031 5363 1280 5444 venisse'duos
1332 5369 1466 5442 donem
1500 5370 1606 5442 etiam
1640 5394 1753 5464 aequo
1785 5370 1908 5442 animo
1941 5372 2104 5446 audeus.
2162 5369 2330 5467 Agnosco
