4896 5974
97 211 168 289 511

496 393 702 462 Miliolrio.

98 532 198 606 Haec
214 533 282 605 tibi
299 529 443 604 Milichi
458 537 683 630 prognostica
699 539 815 620 dono,
840 562 1037 636 precorque

151 635 300 728 Mitiget
313 650 353 708 ut
368 636 476 710 nobis
492 647 618 734 aspera
633 639 704 713 fata
721 637 830 716 Deus.
979 693 982 701 -

98 828 229 911 Eidem,
255 843 290 893 nt
314 833 418 892 locum
442 829 480 894 de
505 831 571 895 fato
596 838 630 895 in
655 829 795 916 Physicis
820 853 884 895 non
910 838 981 898 sads
1007 855 1095 898 eom-

381 933 473 998 mode
498 939 644 1030 seriptum
669 940 811 1004 remittet.
946 993 950 1002 ,

97 1074 202 1165 Quas
218 1073 383 1145 dedimus
399 1069 538 1150 chartas
556 1081 600 1150 de
619 1079 839 1174 latoquaeso
854 1077 1006 1162 remitte,
1056 1123 1060 1130 ·
1128 1143 1130 1148 ,

150 1176 233 1248 Non
251 1177 399 1269 scriptas
414 1180 487 1250 fato
503 1183 605 1252 docte
621 1182 745 1253 lacobe
760 1182 869 1253 bono.

100 1275 157 1350 Ao
181 1280 303 1357 limam
317 1279 619 1374 revocandamihi
636 1298 721 1360 sunt
735 1284 822 1377 ista,
842 1283 913 1359 aed.
926 1295 1012 1376 opto
1081 1341 1085 1349 .

152 1379 204 1456 Ut
219 1381 307 1455 fiant
319 1383 420 1476 operi
435 1385 559 1458 mollia
569 1388 642 1460 aa
655 1411 747 1458 meo.

101 1573 206 1642 Aliud
225 1570 263 1642 ed
289 1575 438 1656 eundem,
474 1562 567 1673 quod·
587 1521 751 1644 delectetur
777 1577 913 1641 doctrina
938 1530 1092 1664 l’hpsiees.

102 1719 208 1792 Mitte
225 1713 317 1788 mihi
333 1713 529 1814 Phyrites,
555 1720 654 1791 aliud
671 1721 725 1790 nil
740 1719 892 1790 scribere
905 1742 1061 1812 possum,

151 1823 212 1892 'l'u
224 1822 313 1891 'licet
327 1841 484 1890 errorem
498 1823 630 1892 mentis
647 1821 685 1892 id
702 1847 776 1894 esse
792 1837 905 1913 putes.

103 1923 190 1996 Non'
200 1948 259 1993 me
275 1923 430 2008 delirum
445 1923 519 1992 dici
535 1925 882 2018 crediquenverebom
976 1981 980 1992 ,

150 2025 350 2100 Democriti
366 2024 493 2094 similis
508 2025 659 2096 forsitan
672 2049 773 2098 error
788 2037 875 2100 erat.

101 2125 145 2202 Et
158 2129 259 2199 velut
276 2125 495 2222 Hypo'crates
515 2129 632 2198 curari
647 2124 715 2198 hoe
729 2127 848 2198 noluit
864 2140 958 2209 arte,

150 2229 260 2301 Hunc
276 2229 554 2303 demimorbum
573 2230 623 2304 sic
634 2251 701 2322 ego
717 2231 802 2301 nolo
818 2223 921 2304 mihi.

100 2590 310 2707 Natta*
671 2695 676 2704 .
782 2589 819 2704 1=
893 2631 960 2714 (eo.
978 2633 1089 2716 1334.)

107 2729 276 2760 Μ

166 2827 250 2900 Apud
266 2825 393 2880 Vineeut.
405 2843 433 2909 p.
450 2825 509 2883 teo.
530 2833 558 2880 et
578 2844 604 2898 p.
622 2823 681 2878 195.
704 2851 747 2906 -0
781 2821 916 2908 Dedimus
934 2823 1001 2881 haee
1016 2845 1085 2892 ¹ear·
1137 2797 1146 2808 ⁸

202 2896 276 2950 mina
291 2896 350 2962 lic,
371 2913 436 2965 quae
444 2895 607 2950 Melanthea
615 2892 760 2960 Sophoclis
769 2893 936 2964 Antigonam
949 2894 1004 2952 loe
1014 2915 1087 2952 auno
1136 2929 1139 2936 .

197 2965 391 3037 interpretetus
405 2975 454 3020 est.
490 2964 551 3019 vid.
564 2980 627 3036 epp.
641 2961 703 3019 vot.
717 2961 753 3016 ll.
764 2981 791 3035 p.
804 2962 865 3020 tet.

101 3131 158 3200 Er
171 3125 362 3221 Antipone
386 3121 598 3220 Sophoclis,
624 3117 689 3196 udi
715 3127 916 3215 exponitur
940 3096 1088 3201 dictant

240 3229 425 3322 ,anastas
452 3224 552 3322 ἄρχα
576 3219 645 3298 τὸν
671 3221 794 3322 dvdpd
821 3221 938 3312 δείξει.

266 3372 316 3474 Α)
341 3367 481 3447 lambiat*
498 3405 538 3446 ex
563 3377 722 3464 Antigone
748 3377 921 3466 Sophodlls.

148 3531 230 3603 Non
249 3527 378 3620 pectus¹
388 3521 631 3619 ulliuspolest
646 3523 845 3618 intromisi,

149 3631 259 3704 Urbis
276 3629 507 3720 Magistratus
521 3629 729 3722 priusquam
745 3628 900 3716 gesserit.

148 3729 246 3826 Ego,
270 3731 396 3826 siquis
413 3731 452 3802 in
469 3731 567 3822 gravi
584 3728 717 3822 periclo
735 3729 880 3816 civium,

150 3831 241 3906 Vere
256 3833 447 3906 salutarem
463 3833 577 3905 sciens
592 3831 818 3918 sententiam,

147 3927 237 4006 Eam
252 3936 379 4005 timore
397 3935 508 4006 victus
523 3935 675 4006 occultat
688 3947 820 4019 tamen,

146 4035 254 4110 Hunc
269 4036 388 4108 iudico
405 4037 517 4108 civem
532 4059 606 4106 esse
619 4037 753 4105 malum
771 4059 811 4105 ac
827 4033 1006 4127 inutilem,

147 4135 241 4212 Etsi
257 4140 339 4234 quis
355 4141 508 4218 autelert
520 4138 628 4208 saluti
644 4137 789 4232 patriae,

147 4239 284 4342 Privati
303 4241 412 4310 amici
426 4241 574 4332 gratiam
590 4256 694 4336 atque
710 4261 870 4324 munera,

147 4341 215 4413 llic
231 4341 394 4416 omnium
409 4357 461 4426 est
475 4341 679 4412 mortalium
694 4339 959 4412 iniustissimos.

146 4441 242 4536 Ergo
257 4441 373 4515 Deum
389 4459 512 4518 testem
531 4445 677 4528 invoco,
699 4445 729 4512 si
744 4443 878 4534 patriae
923 4455 926 4468 '

144 4545 344 4618 Discrimen
363 4547 568 4639 impendere
583 4546 706 4616 videro
720 4571 829 4628 meae,

145 4646 207 4720 Me
222 4673 310 4718 voce
325 4649 505 4720 dicturum
519 4661 623 4742 atque
640 4662 758 4718 mente
776 4647 887 4716 libera

145 4750 385 4836 Sententiam,
409 4749 591 4821 verissima
605 4771 696 4844 qnae
711 4749 912 4825 videbitur.

144 4849 218 4923 Nee
229 4845 454 4924 ullusltostis
466 4852 619 4923 civitatis
629 4851 808 4944 publicus,

142 4951 317 5026 Privatim
331 4954 465 5025 amieos
480 4955 719 5024 esse-duretur
733 4947 844 5023 milri.

145 5055 213 5127 Sed
233 5057 336 5126 navis
352 5051 439 5126 lsaec
452 5079 545 5151 quae
560 5061 674 5126 servet
685 5074 814 5124 omnes
825 5050 939 5125 unica·

144 5157 201 5230 Sit
214 5157 359 5239 civitas,
386 5183 456 5251 qua
473 5183 552 5228 cum
567 5153 739 5228 vehamur
754 5157 901 5247 integra,

143 5256 187 5332 ln
201 5259 277 5354 ipae
291 5260 424 5332 amicos
438 5281 606 5356 quaerere
620 5261 774 5332 florente
788 5259 903 5332 liceat·

833 216 1160 297 caanmun
1209 175 1317 298 rm.
1346 221 1402 300 11.

1001 395 1006 411 '
1146 403 1192 488 B)
1244 403 1329 468 Idem
1360 409 1447 469 loeus
1477 427 1518 468 ex
1548 400 1698 489 Sophoel.
1724 401 1901 490 Aurigam,
1933 403 2015 489 apud
2038 402 2134 470 Vino.

2056 223 2134 300 sta

1158 497 1167 512 X

1570 529 1604 591 p.
1631 509 1705 576 195.
1815 517 1823 532 ’

1197 635 1280 707 Non
1296 637 1439 730 penitus
1457 635 1567 708 ullius
1579 635 1748 708 voluntas
1764 634 1923 728 perspici

1196 736 1338 826 Potest,
1363 739 1568 834 priusquam
1585 739 1749 832 admotus
1764 739 1808 808 ad
1822 735 2001 830 Rempub.

1196 837 1316 933 Fungi
1333 839 1545 932 Magistratu
1561 855 1665 936 atque
1679 840 1840 933 imperiis
1854 840 2021 933 coeperit.

1197 939 1294 1039 Ego,
1320 939 1418 1014 hunc
1435 943 1552 1014 virum
1572 944 1772 1036 pronuncio
1790 965 1863 1013 esse
1878 941 2082 1036 pessimum,

1168 1098 1170 1103 .
1196 1044 1270 1134 Qui
1286 1045 1463 1116 civitatem
1484 1045 1634 1117 consilio
1648 1068 1771 1137 regens
1785 1067 1862 1126 suo,

1194 1143 1278 1217 Non
1291 1147 1408 1217 dicere
1423 1149 1531 1218 audet
1546 1147 1698 1242 optimas
1716 1145 1919 1232 sententias,

1197 1247 1406 1344 Tacensque
1422 1251 1606 1320 veritatem
1622 1249 1821 1320 dissimulat
1833 1263 1944 1336 metu,
2084 1241 2087 1248 ¹

1195 1345 1245 1422 Et
1260 1354 1434 1422 anteferre
1449 1352 1601 1424 amicum
1618 1353 1754 1446 patriae
1768 1351 1869 1425 solet.

1196 1451 1327 1523 Testor
1341 1453 1498 1546 supremi
1515 1477 1648 1524 numen
1665 1453 1880 1526 immensum
1898 1449 2005 1538 lovis,

1196 1553 1236 1626 Si
1254 1556 1339 1650 quid
1356 1550 1488 1625 malurn
1504 1556 1710 1648 impendere
1725 1554 1860 1647 patriae
1876 1553 2013 1640 videro,

1195 1655 1258 1726 Me
1274 1655 1412 1727 civibus
1426 1659 1591 1726 daturum
1606 1658 1641 1728 id
1658 1679 1731 1728 esse
1747 1657 1872 1740 libere,

1191 1755 1340 1830 Nullum
1358 1755 1449 1830 mihi
1463 1759 1589 1829 foedus
1604 1759 1672 1830 erit
1686 1783 1765 1829 cum
1783 1758 1918 1851 patriae
1935 1753 2108 1834 hostibus.

1194 1855 1291 1932 Haec
1307 1861 1401 1932 salva
1418 1873 1536 1931 tuetur
1549 1873 1583 1933 et
1597 1861 1745 1932 salutem
1761 1859 1893 1930 civium

1196 1961 1239 2032 ln
1256 1957 1322 2034 hac
1341 1963 1472 2034 anticos
1490 1977 1605 2034 stante
1622 1975 1794 2058 quaerant
1809 1959 1953 2052 singuli,

1195 2062 1298 2136 lllam
1316 2064 1436 2136 videre
1452 2065 1515 2164 qui
1530 2067 1736 2154 florentem,
1762 2065 1948 2156 gaudeant.

1105 2545 1107 2558 ,
1140 2465 1339 2593 Qu..
1941 2467 2006 2549 (a.
2021 2469 2131 2548 asae.)

1958 2557 2125 2593 Μ

1239 2661 1322 2754 Apud
1342 2662 1472 2719 Vineeot.
1492 2680 1519 2734 p.
1539 2663 1603 2720 228.

1383 2905 1396 2934 „
1496 2827 1555 2896 Er
1579 2819 1773 2916 Sophocle.
1907 2812 1910 2818 ’

1105 3023 1107 3029 1
1180 2909 1547 3070 “tazovt'ldfiptt'nm
1573 2968 1671 3067 δρᾷν
1687 2969 1716 3044 τ’
1741 2969 1765 3044 dl
1785 2965 1959 3066 βούλεται
1974 2967 2076 3072 παρὰ

1188 3069 1331 3170 ταύτην
1349 3069 1476 3167 νόμιζε
1490 3071 1564 3169 τὴν
1580 3069 1689 3148 πόλιν
1699 3068 1828 3171 χρόνῳ
1845 3067 1936 3146 πότι

1190 3179 1230 3262 ἐξ
1243 3176 1369 3277 οὔρων
1380 3173 1607 3276 omnnem
1623 3172 1818 3273 ele-fldem·
1830 3177 1967 3254 πεσεῖν.

1484 3351 1648 3439 l'lalllppus
1674 3325 1782 3417 vertit:

1104 3526 1107 3538 ·
1189 3483 1260 3556 Ubi
1280 3475 1481 3578 petulanter
1494 3483 1607 3552 lacere
1623 3483 1719 3576 quod
1734 3482 1822 3554 libet
1840 3481 1933 3570 licet,

1189 3586 1394 3678 Legum‘qne
1411 3608 1477 3655 vox
1491 3591 1526 3654 et
1539 3583 1590 3654 ira
1608 3581 1760 3651 vindicis
1777 3581 1843 3652 Dei

1187 3688 1389 3770 Ridentur,
1411 3709 1450 3754 ac
1468 3683 1575 3756 inane
1592 3706 1723 3753 nomen
1739 3695 1791 3753 est
1806 3687 1936 3775 pudor:

1188 3789 1322 3881 ltlagno
1337 3801 1417 3860 ruet
1432 3785 1546 3858 ventis
1564 3785 1728 3858 secundis
1744 3784 1890 3878 impetu,

1187 3890 1276 3965 Mox
1292 3879 1338 3961 in¹
1349 3889 1567 3982 profundum
1582 3911 1696 3958 mersa
1714 3900 1787 3959 tota
1802 3887 1938 3962 civitas.

1927 4267 1975 4323 ...2
2005 4259 2099 4324 teat.
2128 4233 2131 4240 ’

1906 4349 2120 4388 m

1135 4255 1203 4328 No.
1225 4255 1312 4328 121.

1142 4349 1315 4382 w

1203 4469 1235 4526 lu
1248 4489 1284 4542 op
1306 4469 1400 4528 .Met.·
1413 4467 1544 4551 Basil3'l'.
1557 4465 1593 4525 V.
1605 4485 1631 4539 p.
1644 4465 1708 4548 m?
1744 4466 1777 4522 la
1792 4463 1910 4550 §eriptls
1928 4463 2006 4546 pulal.
2025 4461 2060 4544 Τ.
2077 4457 2126 4515 lll.

1239 4559 1266 4612 p.
1280 4489 1325 4596 dd.
1343 4550 1371 4594 et
1384 4539 1455 4607 apud
1471 4542 1549 4596 vaae.
1566 4555 1593 4606 p.
1609 4538 1637 4592 9.
1671 4537 1833 4590 vincenam
1853 4535 1995 4604 adserrpnt
2012 4529 2124 4601 quadem

1235 4628 1338 4674 annum
1352 4609 1439 4676 15³9,
1458 4607 1504 4661 sed
1519 4622 1551 4659 ex
1567 4605 1681 4674 epistola
1695 4603 1727 4659 sd
1737 4601 1975 4660 Corvinum.data
1990 4599 2016 4656 d.
2028 4601 2053 4655 ἰ.
2068 4595 2126 4682 lars.

1239 4679 1325 4740 1515..
1346 4677 1525 4746 intelligitur,
1549 4673 1758 4729 Melanthonem
1774 4693 1819 4729 su.
1831 4668 1907 4730 1584.
1926 4669 1997 4724 ferto
2017 4677 2124 4726 utras·

1230 4751 1298 4807 ‚tntis
1314 4749 1415 4804 Christi
1428 4746 1483 4808 boe
1493 4761 1610 4808 uranu
1624 4744 1730 4802 tedae

1133 4912 1194 4985 De
1209 4878 1637 5016 o'nntionedapelornms
1659 4905 1788 4978 Gloria
1800 4901 1842 4975 'ia
1853 4901 2014 4975 excelsis
2023 4901 2126 4976 Deo!

1134 5064 1254 5156 Quare
1270 5065 1315 5132 ad
1332 5077 1487 5156 pastores
1504 5059 1659 5152 primum
1674 5081 1742 5128 vos
1756 5054 1889 5125 nuncia
1905 5055 2023 5142 venit,

1183 5163 1378 5256 Angeticua
1395 5187 1531 5234 summa
1547 5183 1654 5253 quarn
1670 5159 1753 5229 tulit
1768 5181 1847 5226 arce
1868 5151 2023 5230 chorus?
2101 5191 2104 5202 ·

1022 5271 1026 5278 ’
1131 5265 1267 5360 Nempe
1283 5281 1323 5338 ut
1340 5264 1526 5358 praecipue
1541 5275 1697 5352 pastores
1709 5257 1879 5330 carminis
1894 5253 2003 5331 huius

1186 5367 1366 5443 Gentibus
1381 5381 1521 5440 autores
1538 5387 1613 5436 esse
1629 5361 1947 5458 duretqueaelint.
