4866 5990
103 225 175 304 stt
462 217 721 300 SCRIPTA
751 217 826 297 hl)
853 213 1053 294 vtratt
1080 203 1155 288 ΕΤ
1190 205 1430 290 ostrum
1460 189 1762 297 tractura:
1957 219 1960 226 ’
2000 149 2003 154 ¹
2047 220 2126 302 tts

103 393 260 466 fflnebria
277 387 391 464 et'hio
400 391 738 488 dmimosPrinceps·
748 390 805 466 cui
816 389 906 464 haec
919 389 1084 462 scribun-
1130 397 1224 456 stum
1259 399 1351 456 erat:
1405 383 1513 456 Vires
1548 403 1664 462 atatem
1694 392 1842 462 minime
1874 388 2135 486 stupescebant}

103 515 178 580 tur,
202 491 496 591 Philippnsfrrit,
523 497 611 591 quid
635 496 665 568 si
688 518 753 587 ego
775 489 965 586 Philippus
989 511 1083 562 unus
1128 485 1215 560 Post
1239 509 1404 573 coenam,
1434 504 1517 559 curn
1550 513 1737 580 perparum
1764 496 1834 564 cibi
1856 497 1984 568 leniter
2006 502 2117 589 degu-

105 597 359 688 uvalgorum
380 620 520 691 sequar.
572 589 673 688 Quae
692 598 757 670 etsi
778 595 1006 668 iocosdicere
1029 593 1084 662 vi·
1127 601 1251 660 stasset
1266 586 1322 684 ⁵),
1364 593 1473 686 λῆψις
1502 589 1642 662 febrilis
1674 599 1826 668 recurrit
1863 602 1931 670 sub
1965 615 2117 688 noctura,¹

105 701 264 780 debatur,
292 711 411 768 tamen
425 699 623 770 ominosam
639 695 731 770 hanc
749 721 872 770 vocem
897 697 1006 768 luisse
1028 717 1083 764 se-
1128 713 1234 784 qoam
1269 713 1386 760 secum
1415 695 1453 760 in
1481 693 1648 764 lectulum
1675 720 1780 768 sunm
1801 701 1932 774 intulit
1956 701 2119 788 cubitum

107 815 177 874 tuta
192 824 288 870 mors
304 799 418 892 ipsius
431 801 564 874 docuit.
614 799 809 872 Undecima
827 799 903 886 die,
925 811 1082 892 quaeest
1129 793 1250 862 abiens
1269 793 1393 862 eodem
1415 807 1585 883 tempore.
1636 794 1706 866 Hic
1724 803 1847 870 tertios
1874 805 1991 874 morbi
2010 827 2117 896 puro-

106 903 196 976 tertia
213 901 345 971 lduum
361 896 515 992 Aprilis,
539 901 695 986 recursio
716 902 825 972 febris
845 901 1081 982 metuebatur,
1128 914 1271 987 xysmus
1288 913 1352 984 per
1366 910 1505 968 noctem
1516 912 1720 988 sequentem
1736 902 1921 994 aliquanto
1934 928 2015 976 eum
2031 932 2112 997 gra·

107 1029 184 1100 quae
199 1019 231 1076 et
247 1003 414 1082 recurrit,
428 1001 492 1076 etsi
504 1007 613 1102 λῆψις
626 1017 764 1092 tempus
779 1002 969 1096 pristinum
987 999 1081 1072 anti·
1129 995 1208 1064 vius
1226 996 1398 1070 marcuit..
1441 995 1603 1090 Cumque
1632 1020 1704 1070 non
1730 1005 1884 1073 mraltnm
1909 1007 1964 1074 vel
1988 1030 2118 1100 perpe-t
2183 1021 2184 1024 ’

107 1107 250 1201 cipabat,
277 1117 319 1176 ut
335 1102 558 1200 dicemus⁴),
578 1107 643 1174 ¹sed
655 1105 744 1198 quia
761 1104 835 1196 ipse
851 1105 918 1174 sibi
932 1101 1079 1178 minime
1129 1097 1350 1186 rumpotius
1376 1099 1597 1185 domtiisset,
1630 1119 1665 1172 ot
1694 1119 1850 1194 surgeret
1884 1131 1989 1180 artene
2021 1106 2115 1181 bora

106 1209 277 1304 parcebat,
302 1221 343 1278 ut
358 1230 459 1300 saepe
475 1207 544 1278 iam
554 1206 760 1302 quaerimur
775 1205 904 1278 frustra
922 1203 1080 1298 quidem,
1129 1211 1253 1290 quarta
1271 1199 1346 1293 eius
1364 1200 1453 1283 disi,
1479 1223 1547 1293 qua
1572 1197 1640 1272 hoc
1666 1225 1761 1275 anno
1785 1200 1954 1279 memoria
1973 1212 2115 1282 curcia-

107 1332 209 1406 ueque
229 1311 275 1379 ab
297 1309 416 1402 operis
438 1309 521 1378 ullis
537 1305 760 1394 abstinebat,
786 1331 900 1402 neque
915 1303 1012 1376 domi
1039 1326 1076 1372 se
1128 1311 1204 1370 tum
1239 1297 1274 1369 et'
1299 1299 1424 1368 mortis
1449 1297 1583 1372 Christi
1616 1301 1876 1395 celebrabatur,
1911 1332 2003 1403 quae
2036 1328 2113 1384 erat

107 1412 318 1495 continebat,
341 1411 421 1480 ideo
443 1411 550 1500 vulgo
575 1409 693 1480 minus
715 1407 863 1502 periculi
887 1431 961 1478 esse
981 1405 1074 1476 iudi·
1128 1400 1335 1500 duodecima
1353 1402 1484 1470 mansis
1499 1401 1638 1495 Aprilis
1656 1421 1693 1478 et
1708 1409 1871 1500 pridiana
1889 1409 2038 1499 ldaum,
2063 1416 2114 1486 eir

106 1518 253 1599 rebatur,
279 1535 361 1582 cum
376 1525 497 1595 umen
511 1513 705 1604 puhliccet
720 1511 886 1604 privatim
911 1533 975 1602 pro
998 1507 1075 1599 ipso
1127 1500 1237 1590 igitur
1252 1516 1286 1572 et
1300 1501 1433 1590 vigiliis
1456 1517 1490 1574 ct
1511 1503 1608 1575 lubre
1629 1514 1802 1580 exercitus
1825 1537 1889 1602 per
1912 1529 2051 1586 noctem
2077 1531 2113 1588 et

103 1639 210 1709 preces
222 1613 470 1686 ardentissime
490 1614 624 1684 tierent.
677 1611 725 1682 Et
749 1635 952 1708 quanquam
974 1609 1076 1678 debi-
1127 1601 1350 1688 dahilitatus,
1376 1599 1462 1673 hora
1480 1621 1596 1675 tamen
1619 1612 2115 1705 sextaadoporastloctrlnae

104 1719 176 1788 titas
194 1716 378 1786 manifesta
401 1725 476 1783 erat
500 1729 534 1786 et
556 1729 638 1785 ante
661 1716 784 1784 oeulos
802 1713 987 1795 aeonibus,
1012 1733 1076 1780 ne-
1127 1704 1290 1794 puhlicaa
1312 1705 1439 1790 rediit,
1475 1729 1554 1776 cum
1580 1724 1672 1779 recte.
1701 1714 1877 1783 valentem
1902 1719 2115 1790 antelucana

104 1844 167 1914 qne
179 1817 387 1889 dissimulari
409 1831 564 1908 poterat,
589 1831 709 1886 tamen
724 1832 763 1886 nt
780 1815 848 1883 alia
864 1814 959 1882 mala
974 1824 1075 1880 ante·
1126 1807 1374 1876 autmatutina
1389 1808 1482 1876 vocis
1501 1813 1766 1905 contentioque
1789 1816 1958 1887 feriarum
1983 1821 2114 1893 diebus

104 1917 168 1990 hac
187 1929 297 2012 saepe,
323 1931 358 1988 et
381 1918 587 2008 gravissime
608 1919 714 1988 ctiam
734 1916 928 2002 nonnulla,
953 1914 1001 1984 ita
1028 1913 1074 1981 il.
1125 1908 1310 2014 utebatur,
1334 1907 1522 1979 debilitare
1538 1911 1682 1994 soleret,
1709 1913 1756 1985 Et
1772 1919 1958 1990 manifesto
1981 1921 2019 1989 in
2045 1918 2114 1993 hac

106 2022 164 2092 lud
179 2023 272 2094 etiam
288 2041 454 2110 praesens
469 2032 508 2090 ut
523 2033 703 2112 superaret
724 2043 742 2090 a
761 2019 939 2111 plerisque
955 2036 1074 2108 spera-
1126 2023 1263 2078 senemr
1286 2008 1399 2100 ipsius
1423 2012 1469 2080 ab
1492 2014 1596 2083 annis
1629 2015 1699 2088 iam
1735 2018 1872 2111 aliquot
1890 2017 2112 2113 deprehendi

102 2124 213 2205 batur,
244 2119 487 2194 nihil-autem
520 2121 792 2212 occupationum
825 2119 886 2189 illa
904 2132 979 2188 tota
1005 2117 1074 2202 die,
1124 2110 1260 2201 poterit,
1292 2108 1466 2202 paschatis
1499 2128 1657 2206 tempore
1690 2119 1928 2190 valetudinem
1964 2123 2041 2194 eius
2066 2148 2109 2194 cx

100 2247 180 2317 quae
200 2251 218 2293 a
240 2226 514 2318 quibuscunque
533 2223 685 2314 negotiis
698 2215 939 2312 offerebantur
963 2219 1074 2288 decli.
1125 2213 1392 2286 continentibus
1407 2215 1618 2286 lectionibus
1630 2221 1815 2292 matutinis
1831 2224 1902 2292 illis
1916 2227 2112 2298 admodum

98 2351 192 2408 nare,
215 2341 275 2397 aut
296 2327 476 2413 refrigere,
502 2337 536 2394 et
559 2321 648 2396 hora
666 2324 839 2395 matutina
854 2337 948 2392 sexta
965 2341 1071 2414 quam
1124 2313 1254 2402 ettttgt,
1273 2338 1353 2383 curn
1372 2339 1435 2406 per
1449 2317 1609 2412 quinque
1625 2321 1700 2392 dies
1714 2345 1773 2392 eas
1787 2325 2020 2411 continuaret,
2038 2345 2111 2399 uns

97 2431 209 2498 diebus
231 2429 330 2498 festis
352 2425 422 2498 sibi
446 2429 622 2511 sumebat,
657 2425 916 2518 praecationem
937 2417 1071 2493 Christi
1124 2417 1335 2484 tantumdie
1352 2417 1389 2485 in
1408 2417 1539 2508 vigiliis
1556 2417 1746 2494 Paschatos
1763 2445 1871 2496 vacua
1889 2427 2113 2521 interposita,

95 2523 322 2628 apooyuivtot‘
351 2527 534 2619 decapite
556 2524 730 2600 lohannis
752 2527 891 2596 decimo
922 2525 1071 2617 septimo
1124 2517 1221 2608 qnod
1244 2541 1319 2586 uon
1341 2518 1447 2590 fiebat
1468 2521 1556 2590 alias
1577 2523 1687 2594 totius
1706 2527 1981 2622 annitempore.
2033 2530 2113 2602 Hac

95 2633 224 2721 publice
251 2634 291 2700 in
317 2626 438 2700 schola
463 2628 679 2721 explicabat,
711 2653 782 2723 quo
809 2641 968 2718 tempore
992 2635 1072 2716 post
1123 2619 1168 2686 de
1191 2633 1335 2688 caussa
1357 2621 1519 2691 sollicitis
1543 2625 1756 2716 quibusdam
1778 2631 1823 2698 de
1844 2631 2048 2702 valetudine
2075 2647 2123 2702 et¹

95 2729 254 2803 haetenus
282 2745 555 2804 commemorata
590 2730 715 2801 morllss
743 2730 855 2820 ipsius
891 2728 1009 2800 omina
1036 2731 1091 2794 el¹
1122 2717 1235 2789 salute
1258 2719 1371 2810 ipsius
1395 2723 1502 2814 patilo
1525 2739 1608 2794 nnis
1632 2727 1669 2795 ld
1697 2731 1884 2818 figebatur,
1917 2745 1958 2804 ttl
1980 2736 2111 2805 callld'd

97 2835 278 2924 praesagia,
302 2835 401 2904 atiud
420 2855 553 2902 novum
575 2849 609 2904 22
624 2832 804 2923 singulm
828 2845 934 2924 atque
956 2828 1069 2898 multo
1121 2819 1202 2904 aliis
1217 2821 1368 2912 negotiis
1383 2824 1530 2896 obiectis
1546 2829 1591 2894 ab
1607 2827 1679 2896 illis
1696 2833 1878 2902 matutinis
1894 2835 2011 2925 operis
2026 2837 2109 2918 aba?

96 2959 193 3028 quarn
221 2949 353 3005 caetera
381 2923 651 3003 memorabilius
680 2933 964 3001 animadversum
988 2929 1068 3000 luit.
1121 2917 1341 3004 traheretur,
1374 2927 1434 2994 scd
1466 2947 1539 2995 non
1561 2945 1771 3002 successerat
1792 2937 1991 3004 consilium.
2044 2935 2107 3006 ln·

94 3035 174 3108 Cum
189 3039 282 3106 enim
299 3041 345 3105 dp
359 3047 475 3105 morte
490 3057 553 3105 3112
569 3031 718 3106 antehac
735 3035 773 3102 {n
792 3034 943 3124 puhlicis
966 3055 1069 3124 prae-
1121 3023 1300 3092 vitabatur
1321 3025 1425 3096 ellam
1452 3025 1564 3097 lllel'ls
1588 3027 1765 3123 Principis
1791 3057 1871 3104 ctttn
1897 3033 2039 3126 Llpslloe
2066 3039 2105 3107 in

92 3140 293 3210 lectionibus
316 3156 392 3210 non
415 3137 546 3208 soleret
569 3137 767 3207 mentiones
790 3157 980 3225 usurpare,
1013 3147 1068 3203 ta·
1120 3123 1379 3196 examinatione
1408 3129 1721 3220 stipendiariorum
1756 3151 1954 3207 versaretur
1974 3141 2018 3208 ad
2048 3140 2108 3208 in.

93 3265 172 3308 men
195 3255 227 3310 et
249 3243 367 3331 paucis
388 3239 514 3310 diebus
538 3255 621 3309 ante
653 3239 922 3308 cornmendabat
959 3233 1068 3326 puero
1120 3227 1335 3314 spectionem
1351 3225 1553 3300 scholarum
1569 3233 1733 3321 illarum,
1759 3261 1848 3330 quae
1873 3239 2105 3312 beneficentia

91 3343 287 3412 memoriam
311 3342 507 3412 sententiae
535 3355 668 3424 certae,
700 3354 734 3411 02
754 3334 846 3408 banc
869 3352 948 3429 post
971 3360 1068 3405 mor.-
1119 3323 1361 3399 llluslt'lsslma
1378 3329 1539 3418 Mlsllae,
1565 3331 1716 3406 Cl'fflllae'
1735 3354 1767 3408 el
1785 3339 1913 3411 Poride
1937 3343 2108 3434 aperiun-

89 3455 153 3514 tcm
177 3469 286 3513 meam
311 3457 527 3514 mementote
551 3441 708 3527 dicebat,
734 3451 774 3511 et
797 3440 835 3509 in
858 3435 965 3515 huius
997 3437 1067 3506 diei
1118 3440 1187 3510 rur,
1212 3432 1256 3498 de
1278 3455 1349 3523 qno
1367 3455 1472 3522 snpra
1489 3435 1596 3505 etiam
1614 3439 1800 3510 retulimus
1816 3443 1970 3536 aliquid,
1997 3466 2105 3538 quam

88 3546 312 3635 praelectione
343 3569 423 3614 eum
455 3567 628 3615 summam
659 3555 694 3614 01
716 3543 827 3634 capita
854 3539 1067 3632 precationis
1117 3529 1147 3597 si
1161 3531 1327 3615 obiisset,
1352 3533 1526 3606 abductus
1541 3537 1591 3605 sic
1610 3538 1714 3608 etiam
1734 3544 1780 3611 ab
1803 3543 1874 3612 illis
1896 3547 2109 3636 periculosis

86 3643 209 3717 Christi
244 3647 471 3719 auditoribus
512 3661 820 3728 commemoraret,
860 3667 950 3738 quae
983 3653 1067 3712 sunt
1117 3629 1311 3700 releffldlnl
1335 3632 1446 3726 ἰΡδῑῑ18
1466 3637 1585 3728 ⁰9²¹*ss
1609 3639 1749 3728 felleris
1782 3645 1843 3712 stri
1869 3669 1949 3714 cum
1972 3647 2041 3717 elie
2069 3651 2105 3717 ei

86 3749 167 3834 tria,
190 3747 372 3829 Primum,
398 3761 437 3817 ut
454 3741 499 3816 sit
516 3743 695 3832 Ecclesia,
720 3745 943 3830 Secundum,
968 3757 1008 3815 ut
1021 3743 1066 3812 sit
1116 3735 1323 3818 ehenheim,
1357 3749 1432 3805 tum
1461 3738 1664 3830 praecipue,
1699 3745 1912 3836 republica
1940 3748 2103 3818 discendi

89 3873 226 3918 concors
250 3867 284 3921 et
316 3849 560 3928 consentiens,
594 3846 779 3931 'l'ertium,
814 3859 855 3918 ut
881 3847 954 3916 sint
976 3844 1064 3914 salvi
1115 3833 1251 3904 occasio
1276 3837 1459 3928 discipulis
1481 3836 1694 3911 Academiae
1712 3857 1855 3914 nostrae
1889 3846 2103 3919 interverte-

88 3965 117 4022 tt
133 3946 297 4023 haeredes
312 3953 406 4024 vitae
422 3966 584 4022 aeternae
600 3950 735 4045 aliqui,
758 3971 847 4043 qnae
871 3963 922 4020 est
939 3943 1064 4017 Eccle-
1115 3949 1175 4005 lnr
1190 3959 1231 4005 0⁰
1247 3949 1423 4028 ἲθπψῡῐθ,
1449 3963 1520 4033 ‘1¹1⁰
1539 3954 1717 4014 tantarum
1734 3969 1853 4017 rernm
1876 3951 2045 4020 memoria
2062 3951 2103 4022 in

85 4055 128 4123 gia
141 4055 322 4140 coelestis,
373 4049 469 4124 Haec
489 4051 599 4142 igitur
612 4053 724 4143 capita
741 4075 821 4120 cum
844 4051 891 4122 ila
910 4073 1065 4120 comme-
1113 4031 1270 4106 Ecclesia
1288 4039 1496 4116 celebratur.
1547 4039 1806 4117 DEUSlamen
1823 4063 1974 4121 ulnunc
1991 4052 2128 4142 intel-0*

85 4169 265 4242 mmm,
289 4155 438 4226 memini
453 4154 574 4247 inquit
598 4148 683 4223 hm
708 4153 775 4224 trin
795 4175 913 4222 meum
930 4165 1064 4242 patrem
1113 4137 1256 4256 lipimus
1270 4141 1438 4232 peculiari
1456 4145 1713 4234 gubernatione
1728 4171 1790 4219 sua
1808 4173 1889 4221 eum
1908 4147 1979 4224 huc
1992 4155 2103 4226 redu-
2133 4205 2140 4212 -

83 4259 191 4329 triduo
219 4271 304 4330 ame
328 4269 478 4327 mortem
504 4255 640 4346 precari
666 4269 699 4326 ep
720 4279 802 4324 mox
825 4255 1065 4349 mommio.
1112 4254 1183 4321 xtt,
1210 4265 1326 4334 neque
1342 4242 1413 4312 alio
1431 4245 1468 4312 iu
1486 4245 1564 4316 loco
1581 4272 1687 4341 quarn
1714 4275 1756 4320 eo
1781 4277 1853 4345 quo
1877 4253 2100 4328 iuventutem

84 4365 152 4457 γῶν
165 4359 286 4458 (quod
303 4371 380 4430 emp
395 4357 426 4428 εἰ
442 4359 482 4427 f„
497 4350 565 4429 hoc
583 4381 710 4447 genere
724 4371 757 4426 01
776 4356 814 4424 tn
836 4349 978 4446 pfiblieo
1006 4354 1064 4422 in..
1112 4356 1148 4412 et
1164 4337 1357 4412 Ecclesiam
1375 4367 1566 4442 per-annos
1580 4352 1812 4446 qnadraginta
1835 4357 1929 4426 diros
1952 4359 2102 4428 utilissi-
2162 4339 2169 4354 ’

85 4465 260 4556 usitatum)
275 4464 320 4533 de
336 4485 374 4532 se
387 4459 608 4554 subiiciehat.
651 4455 757 4528 'Haec
773 4457 838 4527 tria
855 4473 935 4526 vota
953 4455 1065 4525 muri-
1112 4465 1169 4510 me
1184 4443 1324 4525 deruit,
1341 4459 1377 4516 el
1393 4447 1487 4518 inter
1504 4449 1625 4520 0⁶⁰i⁰³
1646 4465 1680 4522 ei
1702 4479 1828 4524 manus
1845 4453 1989 4542 eninm,
2008 4479 2100 4551 (1⁰⁰⁸

85 4575 172 4636 rums
196 4591 265 4660 ²8⁰
288 4565 394 4636 „fiam
419 4563 506 4631 meis
530 4559 654 4632 tiberis
679 4573 713 4630 ep
740 4555 1063 4654 filfotssspigenim
1112 4544 1423 4632 maximedilexit‚
1447 4551 1538 4618 mori
1555 4551 1679 4624 voluit.
1731 4555 1799 4625 Sed
1817 4553 1904 4627 haec
1927 4559 1971 4627 ab
1995 4559 2101 4628 insti-

86 4670 188 4741 verbls
211 4662 398 4757 utebatur)
427 4663 646 4756 relinquam,
678 4675 718 4732 nt
740 4661 872 4730 sintin
896 4655 1065 4742 Ecclesia,
1112 4659 1190 4716 tuto
1208 4647 1378 4717 alieniora
1394 4663 1496 4740 suut.¹
1539 4651 1637 4722 Hom
1657 4653 2118 4744 igiturdieigillinsmattr-x

86 4761 263 4865 Deumque
282 4781 376 4840 recte
389 4769 573 4850 invocent,
596 4777 637 4834 ut
654 4763 725 4834 sint
741 4787 854 4832 arnum
881 4761 1013 4853 inipso
1032 4777 1065 4831 et
1111 4747 1187 4818 tina
1215 4765 1308 4819 sexta
1334 4745 1461 4820 Ernine
1485 4756 1590 4823 verba
1617 4752 1702 4847 Cap.
1734 4757 1831 4828 Llll.
1864 4758 1955 4848 Quis
1986 4763 2100 4834 credit

88 4877 286 4955 concordes,
309 4883 351 4941 nt
366 4869 440 4939 sint
457 4863 624 4936 haeredes
641 4867 733 4936 vitae
749 4877 922 4934 aeternae.
967 4860 1065 4932 Haec
1112 4852 1268 4920 ⁵⁰Pffl⁰¹rl
1291 4865 1412 4922 ¹¹⁰⁵er
1439 4867 1503 4927 eie·
1525 4857 1721 4948 0¹Pll⁶³b³l
1745 4859 1903 4947 nuilite,
1933 4861 1982 4930 in*
1997 4864 2100 4936 eninr

87 4969 256 5061 igitnrille
273 4985 316 5043 nt
333 4971 439 5044 Pater
453 4969 594 5048 triduo,
620 4966 680 5039 Sic
700 4967 774 5059 ipse
792 4987 887 5035 nona
906 4963 964 5034 die
982 4977 1064 5034 ante
1111 4951 1273 5021 lectionis
1309 4953 1378 5024 fine
1410 4955 1455 5023 de
1488 4959 1601 5028 novae
1634 4960 1858 5030 obedientiae
1891 4966 2100 5038 necessitate

83 5091 219 5146 mmm
250 5075 325 5145 „133
352 5071 570 5165 precabatur·
626 5065 669 5138 ln
691 5067 844 5161 prandio
868 5079 987 5159 postea
1008 5067 1064 5135 fa.
1111 5053 1219 5122 verba
1245 5053 1394 5140 baciens,
1429 5051 1517 5127 haec
1540 5059 1698 5145 dicebat,
1735 5065 1929 5134 necessaria
1954 5079 2027 5152 est,
2064 5081 2099 5137 et
2208 5115 2215 5129 .

78 5173 218 5249 'stidiam
233 5177 305 5248 cibi
322 5187 495 5270 etpotus,
521 5171 619 5268 quod
637 5183 671 5242 et
692 5170 876 5257 iucoeua,
901 5167 1062 5266 cimole·
1110 5167 1231 5223 ¹¹0⁸lr³¹
1247 5153 1446 5248 1³⁵¹¹¹⁰P¹l³2
1463 5183 1553 5254 quer
1568 5161 1636 5231 fnit
1659 5185 1727 5232 ver
1753 5164 1895 5258 publiea
1916 5170 2099 5241 doctrines
2181 5189 2187 5212 ⁸

1116 5309 1340 5323 -u-——n-—u

78 5329 270 5350 ..ι-ι*

109 5405 139 5478 a)
158 5403 208 5460 m,
225 5403 249 5458 1,
266 5366 397 5454 m
1147 5377 1180 5445 b]
1199 5381 1300 5436 uniter
1312 5383 1507 5451 degustasset]
1523 5380 1573 5439 rt.
1584 5382 1612 5440 Ι.
1631 5391 1827 5448 memoret.
