4888 5962
94 200 192 282 tot
417 225 421 233 ¹
688 203 1127 320 „Qttdosrwttos
1158 201 1563 284 tcaonnmatt
2078 221 2159 296 eto

114 388 209 448 tores
231 369 454 450 esre'barum
478 377 811 465 renunciationnm,
845 392 886 452 nt
901 380 1024 452 mirari
1043 377 1110 452 bo·
1162 377 1281 453 sunsit.
1342 377 1477 452 Senilia
1493 406 1640 476 corpora
1656 400 1740 459 runt
1765 389 1940 479 aridiora,
1974 405 2008 463 et
2025 391 2159 484 largius

112 500 221 549 nores
241 478 393 562 artium,
421 493 456 551 et
476 479 570 572 ipsae
590 494 683 552 artes
711 481 958 573 inciperemus.
1016 480 1108 556 Cum
1162 475 1398 554 humectando
1421 497 1521 573 sunt,
1557 499 1592 558 et
1613 487 1704 560 fiunt
1731 490 1900 566 intestina
1927 493 2093 575 sicciora,
2126 495 2158 564 si
2236 543 2239 550 -

112 591 232 652 autern
255 581 367 652 multa
391 602 517 674 magna
535 582 704 654 beneficia
727 596 847 656 nostra
864 596 958 656 aetas
974 586 1019 656 ab
1035 598 1110 656 arte
1161 581 1256 653 sitim
1272 584 1398 655 serant.
1918 605 1921 612 ·

111 681 249 754 medica
272 681 442 776 accipiat,
471 685 572 756 decet
588 707 654 756 nos
671 685 869 771 assuefieri,
891 700 931 758 ut
947 699 982 758 ct
998 685 1110 778 ipsius
1263 682 1332 757 Sed
1358 687 1576 758 contrarium
1600 706 1847 781 argumentum
1869 711 1939 769 est:
1973 697 2060 772 Sitis
2075 699 2157 792 plus

111 783 201 856 artis
217 783 425 875 dignitatem
442 785 666 856 considerare
680 787 912 878 incipiamus,
945 803 978 860 et
993 786 1108 858 rnedi-
1160 786 1313 878 adpetit,
1344 812 1450 880 qnam
1475 805 1622 862 naturae
1644 817 1734 881 opus
1756 811 1818 866 est.
1869 799 1951 872 Non
1968 801 2078 890 igitur
2095 801 2155 872 siti

111 909 174 958 cos
189 886 339 956 fideliter
355 900 496 958 nostrae
510 887 603 958 vitae
618 887 810 959 servientes
827 913 1048 960 veneremur.
1160 890 1430 978 gratificandum
1456 904 1519 963 est.
1585 893 1654 966 Sed
1679 895 1893 982 videndum,
1928 903 2008 996 quie
2026 905 2156 974 modus

216 985 354 1078 Quare,
376 989 439 1060 etsi
455 985 548 1060 nibil
563 989 857 1082 adferredignnm
872 992 997 1064 vestris
1011 989 1108 1061 auri·
1160 1004 1307 1060 naturae
1326 1007 1507 1081 congruat
1560 991 1682 1088 ltaque
1701 999 1861 1070 videmus
1875 1005 2095 1074 adsuefactos
2109 1007 2155 1076 ad
2288 1073 2295 1082 .

108 1089 180 1161 bus
195 1113 359 1182 possum,
387 1104 504 1162 tamen
520 1106 559 1164 nt
573 1117 687 1162 meam
708 1093 971 1180 graditudinem
989 1093 1107 1186 aliqua
1160 1093 1340 1162 modicum
1364 1110 1506 1186 potum,
1538 1109 1572 1166 et
1598 1099 1717 1168 minus
1738 1101 1855 1188 sitire,
1887 1121 1921 1178 et
1942 1105 2070 1176 metius
2092 1131 2154 1178 co.

110 1193 372 1284 significatione
395 1197 578 1264 ostendam
603 1216 683 1284 erga
705 1195 847 1279 Deum,
879 1208 913 1265 et
934 1219 1014 1286 erga
1030 1219 1107 1264 me·
1160 1217 1268 1286 quere
1290 1196 1406 1279 cibos,
1430 1209 1466 1266 et
1488 1197 1619 1269 rectius
1634 1214 1796 1271 naturam
1819 1205 1980 1281 relicere.
2006 1220 2040 1277 et
2056 1208 2153 1278 vale·

109 1296 228 1366 dicam
245 1307 376 1378 artem,
402 1295 493 1385 patri
510 1286 671 1380 iubenti,
705 1307 744 1366 ut
765 1291 978 1367 inbocloco
999 1320 1106 1391 quae-
1159 1296 1318 1365 tudinem
1335 1292 1462 1368 haltere
1476 1299 1687 1386 firmiorem,
1712 1318 1752 1374 ut
1766 1299 1823 1376 hic
1837 1303 2039 1379 Hubertum
2055 1306 2151 1382 Rur-

109 1397 262 1469 stionem
283 1421 536 1490 proponerem,
561 1398 715 1468 libenter
729 1398 947 1490 obtempero.
1158 1400 1318 1486 gundum
1351 1399 1504 1470 vidimus
1545 1403 1747 1492 parcissime
1779 1407 1978 1492 bibentem,
2018 1397 2152 1502 o'ptime

214 1498 376 1570 Primum
399 1499 518 1592 itaque
543 1497 619 1569 Deo
643 1499 902 1589 omnipotenti,
927 1496 1105 1572 conditori
1158 1499 1292 1583 valere,
1317 1523 1357 1569 ac
1372 1502 1511 1576 dicebat
1527 1504 1575 1588 is,
1599 1527 1636 1574 se
1653 1506 1690 1574 iu
1708 1507 1806 1578 ltalia
1831 1534 1933 1602 saepe
1949 1511 1987 1579 in
2012 1527 2152 1598 aestate,

108 1603 201 1674 coeli
223 1617 259 1674 et
281 1613 394 1670 terrae
416 1611 449 1668 et
471 1593 679 1684 hominnm,
710 1614 744 1672 et
760 1600 909 1670 alianum
927 1614 1106 1672 creatura·
1158 1613 1232 1669 toto
1247 1626 1401 1672 meusea
1418 1619 1505 1696 potu
1524 1607 1751 1692 abstinuisse,
1777 1609 1910 1682 interea
1925 1627 2043 1682 tamen
2060 1615 2152 1684 lam-

108 1729 212 1788 rum‚
236 1716 378 1773 aeterno
393 1699 492 1772 Patri
506 1702 652 1774 Domini
666 1703 781 1774 nostri
798 1699 877 1774 lesu
890 1697 1046 1788 Christi,
1070 1715 1107 1773 et
1158 1703 1299 1774 benten·
1317 1730 1419 1794 poma
1434 1705 1574 1778 Persica
1590 1709 1719 1799 rigasse
1735 1737 1874 1804 corpus.
1910 1712 1984 1784 Nec
1999 1716 2150 1786 dubium

107 1807 185 1876 tilio
203 1806 277 1876 eius
294 1801 373 1874 lesu
385 1799 547 1884 Christo,
573 1803 740 1876 crucifixo
755 1827 820 1894 pro
837 1803 941 1875 nobis
954 1817 989 1874 et
1005 1827 1105 1876 resu—
1158 1795 1420 1884 est‚‘naturam
1446 1809 1586 1880 modico
1610 1825 1695 1901 potu
1716 1827 1917 1886 contentam
1942 1839 2029 1890 esse.
2079 1815 2150 1888 Sed

108 1907 253 1990 scitato,
287 1920 322 1981 et
340 1904 493 2000 Spiritui
517 1921 657 1992 sancto,
682 1905 812 1996 gratias
829 1929 914 1998 ago,
942 1931 1022 1977 curn
1039 1930 1104 1999 pro
1157 1906 1201 1976 de
1232 1899 1298 1976 lrac
1327 1909 1533 2002 quaestione
1563 1923 1658 1980 tuam
1696 1917 1962 2006 responsionem
1993 1915 2151 1988 arbitror

11 2021 15 2034 '
107 2011 277 2081 omnibus
307 2007 505 2092 beneficiis,
539 2021 615 2078 tum
644 2033 727 2078 cero
755 2031 818 2100 pro
849 2003 917 2078 boc
945 2031 1105 2092 munere,
1157 2022 1288 2098 gratam
1307 2009 1381 2078 socc
1398 2011 1575 2080 omnibus.
1635 2015 1960 2111 ldcoabstcpeto,
1985 2031 2150 2110 utexpo-

106 2116 208 2208 quod
226 2111 332 2180 vitam
347 2110 453 2179 nobis
467 2109 632 2202 largitur,
656 2134 722 2180 nos
739 2109 950 2181 mirabiliter
964 2110 1045 2198 alit,
1071 2123 1106 2180 et
1157 2133 1241 2194 nas,
1271 2135 1376 2202 quam
1403 2115 1680 2184 nroderotioncm
1706 2118 1835 2190 nostris
1852 2120 2062 2214 corporibus
2077 2121 2150 2191 uti-

108 2215 273 2285 condidit
297 2210 570 2282 aemonstravit
592 2236 648 2282 res
668 2211 847 2298 salubres,
878 2224 914 2283 et
936 2211 1042 2282 utiles
1059 2213 1101 2281 ad
1156 2211 1281 2280 liorem
1296 2234 1370 2282 esse
1386 2225 1527 2288 statuas.
1578 2212 1674 2290 Dixi.

107 2315 413 2422 conservationem
437 2313 549 2399 vitae,
574 2327 608 2384 et
630 2315 673 2384 ad
694 2313 903 2384 morborum
925 2313 1105 2407 depulsio-

106 2443 212 2503 nem,
236 2431 271 2488 et
291 2417 406 2507 ipsum
431 2415 566 2484 sontem
588 2415 680 2486 vitae
695 2429 732 2486 et
747 2414 968 2485 conditorem
984 2439 1102 2484 rertrm
1603 2433 2143 2484 ·-.--..........,..,,.....,.

106 2521 285 2592 bonarum
307 2542 391 2601 oro,
426 2529 467 2586 nt
492 2516 596 2586 nobis
617 2518 726 2601 adsit,
757 2529 790 2586 et
809 2539 871 2587 sua
887 2519 982 2586 dona
999 2517 1104 2586 nobis
1814 2593 1816 2598 ,

106 2635 244 2702 servet,
269 2643 361 2714 qnae
374 2617 517 2712 quidem
532 2633 616 2690 sunt
631 2617 831 2688 testimonia
848 2618 1103 2709 providentiae.
1166 2617 1313 2696 Not&
1519 2648 1522 2653 ·
1950 2634 2015 2716 (ω,
2033 2611 2147 2718 1551,)

104 2720 251 2798 Deinde
272 2736 308 2794 et
330 2719 397 2792 arti
423 2731 457 2790 et
480 2715 698 2792 Ductoribus
722 2721 957 2791 reverentiam
974 2743 1102 2812 perpe·
1160 2719 1304 2741 “⁶⁸⁸
1965 2727 2138 2759 '‘³⁴‘'-

105 2844 206 2900 tuum
234 2848 301 2894 nos
326 2823 454 2894 debere
483 2821 668 2916 profiteor,
699 2846 807 2917 quam
831 2821 976 2918 quidem
1000 2843 1102 2914 prae·
1225 2839 1257 2896 to
1277 2839 1411 2895 Metaon.
1429 2835 1736 2910 comittantur».
1756 2837 1863 2910 tttsq.
1878 2865 1907 2877 -
1944 2835 2085 2894 Pertinere
2098 2838 2148 2892 trae

106 2929 209 3002 mbo
225 2925 325 2998 omni
338 2923 471 2996 studio·
1254 2911 1427 2992 quapstiqner
1447 2907 1555 2960 nonad
1578 2905 1765 2989 chdemicas,
1796 2905 1933 2979 igiturque
1952 2925 2013 2976 ear,
2037 2909 2065 2962 in
2083 2907 2146 2977 epi·

209 3025 316 3099 Nunc
329 3025 571 3124 quaestionem
585 3019 678 3096 hanc
696 3021 763 3097 tibi
779 3023 972 3096 clarissime
987 3023 1103 3094 domi·
1256 2973 1931 3116 iiiioiiiiiiiii‘'iii''aiiiiai‘iiiiilii
1958 2975 2043 3046 ΟΜ
2060 2995 2145 3050 quom

104 3157 155 3204 ne
177 3127 313 3202 Ductor
327 3121 520 3200 lohannes
545 3121 691 3198 Alberte
714 3150 894 3219 proponor
930 3120 990 3196 An
1015 3133 1103 3196 recte
1144 3127 1147 3136 '

103 3229 249 3306 dietum
280 3231 329 3300 sit
357 3255 383 3300 a
405 3221 665 3326 Xenophonte,
703 3223 899 3300 hibendum
933 3250 1008 3298 esse
1035 3225 1104 3313 ito,
1155 3227 1401 3312 Quaestiones
1432 3221 1577 3316 aliquot
1607 3215 1657 3292 tle
1686 3223 1954 3293 sacramentis
1987 3227 2025 3292 et
2058 3221 2148 3292 otiis

103 3343 148 3408 ut
191 3331 321 3403 sitiens
356 3325 518 3403 desinas.
591 3325 697 3400 Sicut
737 3327 858 3429 inquit
895 3321 1102 3428 Xenophon
1153 3329 1325 3399 materiis
1355 3323 1575 3419 theologicis
1608 3346 1632 3395 ο
1666 3322 1717 3394 D.
1744 3319 1808 3394 Dlt.
1835 3323 2029 3410 (ordume)
2059 3343 2149 3414 pro·

101 3433 233 3532 διψῶν
256 3425 424 3520 παύεται.
481 3427 541 3501 An
570 3455 650 3502 vero
674 3431 804 3503 rectius
827 3427 964 3502 dictum
986 3429 1037 3500 sit
1062 3427 1101 3499 in
1174 3433 1326 3522 positae
1351 3429 1402 3500 D.
1423 3425 1597 3517 Phiiippo
1607 3475 1623 3513 ,
1657 3431 1693 3495 et
1715 3419 1829 3497 leuius
1852 3417 2127 3518 Responsiortet

106 3536 220 3609 veteri
240 3529 457 3608 comoedia?
496 3535 594 3628 τρεῖς
619 3527 761 3626 μόνους
787 3537 975 3628 κρατῆρας
1001 3531 1103 3630 dyas·
1307 3525 1590 3624 procationibus
1621 3527 1784 3622 stupeatis
1812 3525 1994 3602 adiectae.

104 3633 280 3740 ραννύιο,
315 3639 393 3718 τοῖς
411 3629 452 3710 ari
477 3639 679 3731 φρονοῦσι,
710 3629 863 3727 τὸνμὲν
878 3631 1007 3734 ὑγείας
1023 3631 1101 3718 ἕνα,

103 3740 175 3818 τὸν
207 3735 250 3814 dt
271 3733 449 3834 δεύτερον
464 3733 617 3832 ἡδονῆς,
647 3733 714 3809 τὸν
730 3731 859 3830 τρίτον
874 3733 1017 3822 ὕπνου,
1057 3731 1102 3808 ὃν

103 3835 303 3927 εῑιπιόντις
318 3839 354 3916 oi
369 3833 480 3938 σόφοι
493 3835 707 3932 κεκλημένοι
723 3831 850 3912 oixcida
865 3833 1101 3934 βαδίζουσιν.

105 3947 201 4020 Τοοο
215 3959 355 4018 tuntum
372 3959 524 4014 crateras
546 3942 696 4032 praebeo
724 3940 969 4030 prudentibus.
1022 3937 1102 4009 Pri-

102 4075 209 4122 mum
229 4046 401 4120 sanitatis.
452 4043 657 4116 Secundum
682 4043 885 4135 voluptatis
936 4039 1101 4110 Tertium
1275 4081 1278 4087 ·
1503 4045 1530 4121 Ι,
1569 4043 1801 4136 ρηωῑίω

102 4151 238 4222 wfflssl·
289 4145 397 4236 1Q¹¹⁰
432 4139 559 4216 h³¹¹⁸¹⁰
593 4145 786 4235 l’fffllffllffl
826 4155 913 4214 ‘⁰¹¹¹
945 4143 1102 4212 d⁰¹¹⁸¹¹¹¹¹0
1134 4219 1141 4231 .
1254 4163 1413 4240 Rectene
1435 4161 1572 4237 dicitur
1594 4159 1638 4236 de
1660 4158 1934 4250 Sacramentis,
1960 4155 2003 4232 de
2024 4159 2148 4260 bapti-

103 4251 199 4326 Utra
232 4249 276 4325 sit
310 4247 482 4320 sententia
517 4245 668 4334 gratior,
708 4269 783 4316 non
816 4247 1006 4316 obscurum
1039 4255 1101 4316 est.
1153 4295 1252 4356 ,Μ’
1292 4279 1324 4342 ,2
1359 4265 1403 4342 d,
1432 4258 1557 4338 Coma
1591 4261 1773 4348 Domini,
1810 4259 1912 4363 quod
1937 4259 2147 4359 confirmem

102 4355 177 4428 Sed
196 4367 313 4424 tamen
333 4351 520 4468 ille-durus
536 4347 740 4466 adolescens
755 4343 890 4440 Cyrus,
915 4345 1009 4437 apud
1028 4343 1100 4414 Xe·
1143 4368 1283 4472 fidem,
1308 4369 1366 4443 „p
1379 4365 1481 4471 quod
1490 4376 1639 4466 propper
1654 4362 1965 4460 confirmationem
1976 4361 2075 4458 fidu·
2087 4366 2147 4434 in.

103 4451 349 4550 ¹¹⁰l’h0m‘m’
373 4449 637 4568 v¹‘¹⁸l¹¹¹'l¹⁰l‘¹,⁸
654 4449 1100 4568 llg‘mf,²“⁸¹‘¹¹3¹¹³¹¹l⁸¹,¹¹
1153 4473 1404 4550 stitutusint?
1453 4465 1617 4570 Cumque
1633 4469 1672 4538 in
1688 4465 1858 4538 articulis
1864 4463 1966 4560 fidei
1981 4459 2085 4537 attii
2096 4468 2146 4537 sit
2256 4475 2267 4501 ‘

103 4583 188 4632 ⁶¹¹¹ss
213 4568 352 4628 Diluti·
412 4549 547 4622 Natura
572 4573 667 4618 ‘'¹¹¹‘'
686 4563 813 4642 “ll'em
837 4561 975 4620 limum
997 4559 1101 4632 '⁶⁶¹¹'
1153 4571 1244 4653 sine'
1262 4599 1433 4674 expresso
1471 4571 1576 4644 verbo
1604 4567 1685 4642 Dei
1707 4563 1962 4651 statuendum,
2000 4589 2149 4669 quaero,

101 4661 181 4745 tui,
215 4670 388 4753 quantum
406 4653 630 4772 absumptum
647 4665 717 4738 est,
751 4663 787 4722 et
805 4651 978 4770 tantisper
994 4649 1100 4740 adpe-
1154 4681 1221 4755 “hp
1235 4674 1644 4774 Mcfinpspmponaqm
1664 4668 1932 4768 imm-pm&

102 4763 188 4837 titio
211 4784 285 4830 non
311 4772 363 4828 est
389 4754 539 4838 victora,
578 4753 691 4822 donec
715 4765 862 4824 naturae
884 4751 1099 4822 satisfactum
1293 4815 1550 4910 Rupomio
1575 4807 1649 4887 Ph.
1675 4755 2020 4884 Melanthum:

102 4879 169 4937 est
225 4861 298 4931 lam
319 4861 348 4929 ri
374 4857 491 4926 minus
516 4855 676 4938 bibatur,
708 4877 814 4948 qnam
839 4867 1011 4944 qnantum
1036 4851 1099 4922 ub-

102 4979 288 5058 sumptum
303 4977 374 5045 est,
400 4981 473 5027 non
487 4955 607 5028 satisfit
622 4969 778 5026 naturae.
830 4951 1033 5025 Dibendum
1050 4965 1102 5021 est
1254 4943 1348 5014 Dico
1364 4949 1455 5008 recte
1470 4935 1541 5004 dici
1556 4935 1600 5003 ad
1615 4931 1892 5002 confirmandam
1904 4929 2028 5013 tidem,
2051 4927 2148 5000 iuxta

103 5071 216 5160 igitur
246 5077 404 5146 tantum,
437 5073 477 5129 ut
504 5059 599 5129 sitim
631 5058 847 5148 restinguas,
877 5071 912 5127 et
949 5055 1099 5147 expleas.
1153 5047 1261 5116 illud:
1290 5027 1746 5152 oppoyidodneoeoorirqo:
1800 5030 1906 5149 ltem,
1931 5025 2013 5102 Hoc
2026 5027 2147 5130 sorite

102 5163 450 5254 lrnoetiamcorpori
468 5159 929 5253 rigatioatiqnantolargior
944 5159 1099 5249 prodest,
1151 5147 1190 5218 in
1206 5145 1280 5216 mei
1293 5147 1686 5216 conamemorotconem,
1709 5133 1870 5206 vrdelrcet
1888 5133 2039 5208 fidelem.
2074 5131 2147 5202 Nec

102 5290 183 5347 tum
208 5267 376 5348 iuvenili,
412 5277 485 5332 trun
510 5262 630 5344 sectili,
666 5285 809 5353 propter
835 5261 948 5329 unias
966 5282 1097 5328 causas.
1150 5266 1287 5324 tantum
1309 5259 1393 5318 suut
1414 5239 1574 5334 syrubola
1599 5235 1844 5326 professionis,
1876 5250 2146 5326 autcougrega-

102 5376 225 5448 tabor
240 5371 334 5444 enirn
352 5369 390 5438 in
406 5365 555 5436 iuvenili
570 5387 716 5456 corpure
731 5363 850 5436 statim
866 5363 1018 5452 rrsrrlturn
1033 5360 1096 5430 ab·
1149 5353 1279 5433 tionis,
1306 5367 1509 5442 quostquam
1525 5353 1560 5412 et
1573 5335 1641 5410 hoc
1657 5350 1752 5414 sunt.

1155 3687 1380 3770 Reverenter
1395 3675 1504 3786 peto,
1520 3705 1562 3762 nt
1576 3690 1732 3760 breviter
1746 3657 1968 3780 significetis,
1994 3712 2146 3784 quomo-

1153 3803 1203 3886 do
1215 3797 1475 3891 simplicissime
1490 3807 1524 3866 et
1538 3791 1730 3864 rectissime
1743 3793 1789 3861 de
1797 3789 1928 3861 tinibus
1937 3789 2147 3894 Sacramen-

1132 3915 1272 3973 storum
1289 3899 1509 3996 loquendum
1528 3896 1584 3967 sit.
