4884 5950
150 167 226 268 voi

143 337 511 483 &repromissionem
546 365 606 452 sed
627 339 700 452 'llll's
716 341 972 462 gehs'bmplecti'
985 339 1138 458 no'sneu‘

138 491 246 559 cesse·
262 467 463 556 eat,'·'Sicdt
483 465 620 541 Paulus
637 471 775 564 inquit:=
808 468 895 542 ldeo
919 470 961 542 et
984 473 1071 556 fide,
1096 483 1137 542 ut

140 569 280 641 non'sit
301 565 402 640 irrita
418 567 621 662 promissio.
642 593 645 600 ’
674 571 793 662 Quare
814 572 1136 660 caecitat'l'riden-

134 669 236 743 'tinae
262 671 399 768 sybari
423 677 621 756 execranda
640 680 712 760 stt,
741 673 955 767 quae'iubet
973 675 1136 745 dubitare

132 775 191 845 'de
199 769 496 858 reconciliatione.
515 791 518 798 ’
549 773 622 846 Nos
638 786 753 846 autem
766 775 1070 863 bremusl'ilium,
1094 787 1135 846 ut

133 873 216 947 'uon
233 874 327 946 sidat
340 873 496 965 extingui
516 875 635 960 lucem
646 901 728 948 suae
741 877 923 950 doetrinae
945 879 1039 949 inter
1056 901 1134 966 nos,

132 966 189 1050 <Et
212 994 292 1048 cum
313 977 425 1063 dicat,
450 967 603 1051 Habenti
621 979 785 1061 dabitur,
815 974 969 1073 pbstulat
982 979 1134 1070 diligen-

140 1080 228 1150 tiam
243 1081 282 1148 in
303 1067 410 1168 uolsisJ
428 1085 568 1173 quodue
586 1054 757 1166 'discendi
775 1093 807 1152 et
820 1084 828 1118 a
833 1082 1011 1181 retinendi
1030 1083 1135 1167 dona',

130 1176 232 1276 ‘quae
246 1179 559 1270 nobis'clemdnter',
571 1181 723 1286 tribuit.¹
774 1176 791 1196 ”
820 1185 838 1212 ”
956 1211 962 1272 ;
1017 1207 1022 1219 ·

740 167 1174 290 odxas'rtduus
1205 169 1601 267 acaouuvcaa
1651 307 1652 312 Ν

2077 175 2080 184 ’
2102 203 2178 280 soa

1190 343 1299 456 igitur
1312 345 1387 457 agitt
1406 365 1481 436 ullo
1496 363 1629 436 medio.
1679 360 1727 438 Et
1743 363 1873 462 Cyrilli
1888 369 2021 445 dictam
2038 375 2178 462 citatur.

1188 469 1284 539 Deras
1311 492 1384 539 sese
1407 468 1608 536 immediate
1627 472 1875 543 communicat.
1933 475 2076 548 Multos·
2092 475 2178 554 haec

1186 570 1394 658 imaginatio
1410 570 1596 639 fascinatos
1611 582 1723 655 tenet,
1756 586 1797 643 ut
1814 575 1910 675 velut
1928 572 2177 652 Enthusiastae

1187 685 1369 762 expectent
1394 694 1507 752 novos
1531 671 1688 754 afflatus,
1718 692 1785 744 nec
1808 693 2005 766 repugnent
2033 683 2177 754 dubita*

1186 773 1294 860 tioni,
1320 798 1384 844 nec
1394 797 1430 842 se
1446 773 1582 862 erigant
1596 787 1629 843 et
1645 776 1873 847 consolentur
1887 804 1971 850 voce
1980 776 2177 876 Evangelii.

1206 907 1208 915 '
1257 906 1261 914 '
1287 887 1422 962 Contra
1443 887 1551 978 igitur
1574 892 1695 984 quaeri
1712 915 1851 964 necesse
1874 909 1925 967 est
1940 897 2077 971 firmam
2091 927 2178 973 con-

1183 981 1407 1093 s'olatipuem.
1434 1031 1437 1041 ·
1620 985 1624 994 ⁴
1951 1006 1953 1014 ’

1225 1163 1230 1170 .
1276 1107 1327 1182 ‘si
1343 1109 1409 1182 vox
1427 1103 1614 1200 Evangelii
1630 1095 1702 1208 non
1720 1123 1771 1180 est
1785 1112 1961 1203 medium,
1982 1107 2065 1212 ¹quo
2080 1117 2177 1194 Deus

1186 1209 1539 1302 sese-communicat,
1573 1213 1754 1305 quomodo
1776 1213 1862 1284 certi
1882 1215 2066 1304 erimusin
2083 1225 2177 1296 veris

1119 1395 1123 1416 ι
1186 1313 1390 1399 doloribus,
1417 1315 1460 1380 de
1476 1313 1682 1382 remissione
1700 1332 1936 1406 peccatorum,
1962 1334 1995 1390 et
2011 1323 2054 1392 de
2070 1323 2178 1397 mise-

130 1561 648 1732 ,Q'·,1,L.:
733 1563 738 1572 '

906 1601 910 1617 ⁸
1002 1604 1122 1708 ''aanod

942 1719 947 1730 ·
989 1709 1133 1737 *Μ

210 1805 245 1859 la
269 1805 368 1864 Select.
392 1807 472 1866 Decl.
496 1809 531 1868 Τ.
553 1807 603 1864 lV.
627 1825 655 1880 p.
677 1809 740 1867 916.
779 1811 900 1869 Servent.
918 1809 952 1868 Τ.
967 1809 1014 1870 lV.
1035 1831 1061 1884 p.
1074 1811 1134 1868 sn.

244 1873 374 1932 Richard.
392 1877 426 1934 Τ.
444 1878 496 1934 ΙΙΙ.
514 1897 543 1950 p.
558 1878 619 1936 532.

140 2042 339 2126 Quaestio:
364 2043 603 2134 sequuturae
614 2043 956 2115 aocemMim'aterii
968 2065 1043 2114 non
1052 2065 1135 2116 esse

191 2139 380 2233 medium,
398 2147 494 2246 puio
509 2163 610 2214 unus
624 2139 795 2216 cbristus
810 2149 863 2218 sit
875 2141 1084 2218 nvediator?
1148 2143 1151 2150 ’

141 2271 242 2360 Cum
266 2283 415 2360 honesta
437 2293 656 2362 consuetudo
677 2293 773 2362 bono
801 2291 949 2362 consilio
964 2291 1137 2377 instituta,

139 2413 209 2459 nos
220 2391 259 2458 iu
268 2386 326 2460 his
334 2393 578 2481 congressibus
587 2393 722 2486 aliquid
738 2394 855 2464 dicere
864 2407 984 2484 cogat,
1002 2394 1136 2464 iustum

142 2507 195 2564 est
211 2515 275 2562 vos
296 2505 331 2563 et
345 2494 486 2562 veniam
503 2495 607 2565 uobis
620 2497 723 2579 dare,
748 2498 843 2589 quod
861 2496 979 2566 dicere
991 2519 1065 2566 non
1080 2519 1138 2564 re·

142 2616 323 2680 eusamus,
346 2609 380 2665 et
394 2596 568 2687 patienter
585 2621 651 2668 nos
664 2597 805 2680 audire,
832 2599 893 2667 sed
912 2611 1030 2668 tamen
1049 2593 1137 2667 haec

141 2709 183 2766 ut
196 2697 351 2781 faciatis,
371 2699 584 2768 decetetiam
600 2721 665 2768 nos
680 2713 882 2769 reverenter
889 2713 1018 2792 petere.
1056 2694 1135 2770 Oro

142 2797 272 2888 igitur,
300 2823 345 2867 ne
360 2823 417 2868 me
431 2799 558 2870 fiducia
572 2801 706 2892 ingenii
721 2802 864 2892 prodire
886 2803 929 2871 ad
945 2801 1135 2870 dicendum

142 2899 370 2984 existimetis,
394 2901 454 2970 sed
477 2902 594 2991 legum
620 2904 816 2973 reverentia
831 2903 1136 2995 moveri„meque

141 3002 320 3072 anteferre
332 3004 425 3092 leges
440 3028 539 3072 meae
553 3004 747 3078 timiditati.
787 3003 927 3074 Deinde
941 3005 1045 3075 etiam
1062 3027 1137 3091 oro,

140 3117 184 3172 ut
205 3127 317 3172 meam
342 3105 539 3174 orationem
565 3107 650 3176 honi
676 3107 879 3186 consulatis.
944 3103 993 3176 Ut
1017 3119 1136 3176 autem

141 3203 312 3274 usitatum
331 3221 399 3288 est,
425 3207 668 3298 quaestionem
684 3232 894 3300 proponam.
946 3205 1051 3278 Scitis
1069 3206 1137 3277 ali·

140 3306 226 3376 cubi
242 3307 350 3376 latere
364 3305 668 3394 Stenckfeldium,
692 3325 732 3380 ut
749 3308 881 3380 Cacum
898 3311 937 3380 in
954 3324 1075 3391 antro,
1102 3321 1136 3379 et

141 3407 371 3478 latrocinium
394 3433 571 3496 exercere,
597 3411 633 3479 id
650 3425 721 3492 est,
746 3415 900 3484 subinde
918 3412 1020 3482 novis
1034 3408 1137 3480 libris

141 3511 288 3579 turbare
307 3507 500 3597 Ecclesiae,
527 3527 561 3582 et
583 3516 719 3582 adeam
743 3539 816 3584 rem
836 3509 942 3584 habet
960 3513 1136 3597 satellites,

141 3635 219 3680 non
233 3612 349 3680 solum
373 3613 412 3680 in
428 3628 529 3684 antro
545 3637 629 3694 suo,
654 3617 835 3684 sedetiam
855 3617 982 3706 possim
1001 3615 1039 3683 in
1059 3637 1137 3683 me·

141 3713 213 3781 diis
227 3713 388 3786 urbibus.
442 3711 666 3784 Vociferatur
679 3733 794 3786 autem
812 3718 995 3802 atrociter,
1020 3715 1136 3786 Deum

141 3839 218 3885 non
234 3837 306 3884 esse
322 3815 494 3886 efficacem
511 3842 575 3908 per
589 3817 825 3913 ministerium
843 3815 1048 3908 Evangelii,
1074 3819 1136 3888 sed

140 3917 345 3986 immediate
361 3941 397 3986 se
415 3919 684 3988 communicare.

246 4017 423 4090 Usitatum
445 4034 498 4091 est
520 4037 637 4090 autern
660 4022 764 4090 balsos
780 4021 969 4113 opiniones
987 4021 1136 4112 praesti-

141 4119 210 4210 giis
232 4115 487 4212 sophismatum
513 4123 615 4194 tueri.
674 4122 795 4212 Quare
825 4123 918 4193 inter
939 4124 1007 4192 alia
1031 4145 1136 4212 argu·

142 4233 264 4290 menta
290 4221 382 4308 eius,
414 4247 529 4316 nuper
552 4237 585 4294 et
607 4219 676 4296 hoc
696 4225 917 4314 editumest,
944 4227 1135 4318 aquodam

142 4323 255 4416 ipsius
272 4324 432 4399 satellite.

298 4423 401 4496 Unus
418 4440 471 4498 est
483 4427 658 4496 mediator
674 4421 849 4500 Christus.

245 4523 327 4596 Non
347 4529 456 4618 igitur
472 4528 628 4599 medium
647 4542 716 4614 est,
740 4553 812 4622 quo
827 4525 924 4599 Deus
945 4527 1034 4621 agit,
1061 4527 1137 4621 ipsa

144 4653 212 4697 vox
228 4627 427 4704 ministerii.
725 4639 727 4643 ’

298 4729 394 4824 llinc
410 4755 512 4802 sumo
527 4731 786 4824 quaestionem:

246 4828 476 4932 Sequatarne
501 4855 615 4901 vocem
641 4829 841 4902 ministerii
867 4853 942 4900 non
967 4853 1041 4899 esse
1061 4851 1138 4899 me·

145 4929 270 5017 dium,
297 4935 387 5034 quia
406 4959 502 5006 unus
518 4923 693 5004 Christus
712 4933 762 5002 stt
780 4927 986 5003 mediator?

248 5036 356 5125 Quod
392 5053 511 5108 autem
552 5051 737 5131 sequatur,
784 5038 833 5106 sic
868 5035 1136 5107 ratiocinantur.

142 5139 242 5221 Deus
265 5141 361 5230 eligit
383 5156 417 5211 et
439 5141 614 5210 convertit
646 5161 709 5208 suo
731 5137 901 5224 consilio,
936 5161 1025 5231 quos
1046 5136 1135 5218 vult,

144 5258 180 5312 et
196 5244 286 5312 sicut
307 5243 435 5332 figulus
451 5241 566 5312 lutum
587 5243 737 5328 format,
762 5241 810 5310 ita
826 5241 956 5310 format
980 5253 1135 5309 nostram

142 5345 366 5415 voluntatem
390 5343 482 5437 ipse,
513 5367 602 5436 quae
627 5338 735 5415 habet
759 5365 798 5414 se
818 5353 858 5412 ut
873 5341 1003 5418 lutum.
1053 5337 1136 5412 Non

610 5585 639 5647 s.

1186 1413 1357 1488 ricordia.
1405 1409 1559 1484 Deducit
1579 1429 1695 1486 autem
1718 1440 1783 1486 nos
1798 1415 1931 1488 Paulus
1950 1424 1994 1492 ad
2011 1407 2177 1520 Evangess

1185 1517 1274 1605 lium
1284 1567 1296 1602 ,
1321 1515 1456 1599 dicensi
1485 1513 1589 1600 ¹Fides
1603 1541 1644 1586 ex
1658 1515 1801 1610 auditu,
1827 1521 1969 1593 auditus
1981 1521 2099 1596 autem
2116 1555 2177 1622 per

1186 1617 1334 1688 verbum
1353 1605 1503 1700 Deiest‘.
1549 1617 1602 1689 Sit
1618 1616 1726 1710 igitur
1743 1621 1874 1712 regula.
1926 1623 2001 1697 Nos
2014 1629 2126 1718 ¹verbo
2143 1647 2178 1705 et

1187 1711 1261 1789 non
1286 1713 1390 1790 aliter
1414 1719 1503 1810 erigi
1523 1715 1656 1804 a'Deo,
1683 1734 1716 1791 et
1737 1715 1804 1794 ho'c
1820 1722 1925 1795 modo
1940 1733 2178 1820 quaerendam

1188 1845 1261 1890 esse
1285 1821 1585 1904 consolationem,
1617 1846 1725 1912 qrxare
1752 1838 1785 1894 et
1803 1819 1925 1896 Esaias
1945 1828 2076 1925 iuquit:
2101 1832 2178 1906 No.

1187 1923 1268 1992 ticia
1297 1923 1391 1992 servi
1421 1923 1492 1990 mei
1525 1923 1607 1992 iusti
1635 1924 1837 1996 iustificabit
1868 1931 2008 2004 multos.
2085 1935 2178 2009 Cum

1187 2025 1354 2094 noticiam
1377 2025 1556 2108 nominat,
1587 2027 1666 2095 vult
1696 2040 1787 2098 certe
1816 2034 1956 2121 agnosci
1979 2033 2091 2105 lilium
2114 2063 2179 2131 per

1188 2127 1348 2196 verbum.
1401 2125 1472 2197 Sed
1498 2127 1586 2218 quid
1604 2129 1646 2196 ad
1666 2127 1727 2198 illa
1744 2125 2008 2206 Enthusiastica
2031 2161 2179 2232 reapon-

1188 2229 1345 2298 deodum
1371 2227 1436 2313 sit,
1468 2227 1624 2297 difficilis
1651 2244 1685 2300 et
1704 2229 1809 2320 longa
1832 2247 1882 2305 est
1905 2237 2109 2328 explicatio,
2134 2244 2179 2312 de

1188 2353 1257 2422 qua
1281 2329 1457 2398 doctiores
1485 2341 1521 2400 et
1552 2329 1707 2400 seniores
1737 2336 1856 2424 potius
1887 2339 2056 2411 audiendi
2086 2357 2181 2430 sunt,

1188 2453 1294 2523 quam
1309 2453 1391 2520 ego,
1416 2427 1545 2502 Delero
1559 2431 1667 2520 igitur
1682 2427 1772 2503 hanc
1787 2435 2028 2527 quaestionem
2044 2446 2087 2514 ad
2105 2442 2181 2518 Re-

1188 2535 1381 2602 verendum
1407 2533 1524 2602 virum
1547 2531 1598 2604 M.
1620 2525 1780 2604 Paulum
1796 2533 1960 2608 Eberum
1979 2541 2180 2616 Vicerecto-

1188 2657 1283 2719 rem,
1309 2646 1348 2704 ut
1365 2628 1458 2704 hanc
1476 2647 1574 2705 tauta
1595 2637 1773 2706 decenos
1790 2640 1932 2730 planius
1949 2645 2084 2718 doceat.

1220 2845 1410 2934 septumo
1433 2845 1682 2928 Quaestionem
1707 2847 1751 2916 D.
1774 2849 1829 2920 M.
1851 2851 1985 2923 Paulo
2012 2858 2145 2928 Bbeeo

1579 2931 1787 3002 Vicerectore.

1290 3066 1519 3161 Amplissima
1539 3095 1642 3141 causa
1663 3087 1712 3142 est
1727 3099 1833 3166 quam
1852 3079 1905 3148 vis
1921 3084 2061 3173 exponi.
2109 3087 2182 3159 Sed

1188 3197 1270 3244 cum
1297 3173 1336 3240 in
1359 3172 1656 3262 praelectionibus
1677 3169 1744 3244 hae
1767 3181 1933 3252 materiae
1954 3207 2055 3277 saepe
2080 3211 2182 3280 repe-

1188 3289 1329 3358 tantur,
1363 3297 1437 3342 nou
1467 3297 1528 3342 ero
1552 3275 1623 3344 iam
1650 3277 1841 3368 prolixior,
1874 3289 2077 3374 praesertim
2100 3315 2181 3362 cunr

1186 3401 1252 3446 nec
1269 3375 1354 3445 satis
1367 3377 1538 3466 temporis
1561 3379 1604 3446 ad
1622 3379 1891 3482 explicationem
1908 3411 2111 3461 concessum
2125 3393 2183 3464 sit.

1286 3490 1574 3562 Stenckleldiana
1609 3481 1751 3564 deliria*
1768 3519 1912 3582 prorsus
1944 3503 2112 3577 oriuntur
2132 3531 2183 3579 sex

1188 3591 1319 3664 Stoicis
1343 3591 1656 3680 imaginationibus
1677 3597 1720 3662 de
1742 3595 1926 3674 electione.
1976 3601 2067 3673 Cum
2085 3607 2183 3678 Deus
2238 3591 2240 3596 ¹

1187 3695 1294 3784 eligat
1315 3717 1380 3764 suo
1395 3693 1545 3762 consilio
1562 3717 1651 3786 quos
1670 3697 1763 3779 vult,
1793 3701 1904 3788 rapiet
1920 3701 2029 3792 igitur
2047 3722 2182 3780 mentes

1187 3820 1340 3891 quorum
1356 3795 1452 3864 volet
1463 3795 1538 3863 sive
1553 3796 1706 3885 cogitent
1720 3798 1877 3892 aliquid,
1903 3803 1977 3872 sive
1995 3831 2069 3876 non
2085 3812 2183 3901 cogi·

1187 3911 1280 3982 tent,
1312 3910 1352 3966 ut
1373 3897 1500 3985 figulus
1519 3895 1634 3966 lutum
1656 3901 1761 3990 rapit.
1820 3899 1889 3972 Sed
1908 3898 1991 3975 huic
2008 3909 2181 4000 imagina-

1187 3999 1279 4070 tioni
1300 3999 1511 4090 opponenda
1537 4012 1620 4068 sunt
1653 3999 1802 4072 illustria
1831 4005 2054 4093 testimonia,
2091 4036 2181 4106 quae

1187 4101 1315 4171 iubent
1336 4123 1401 4168 nos
1416 4097 1540 4169 audire
1554 4123 1674 4171 vocem
1693 4097 1902 4195 Evangelii,
1929 4122 1962 4178 et
1985 4135 2182 4204 repugnare

1187 4202 1424 4282 diffidentiae,
1465 4214 1505 4288 ut
1530 4215 1694 4272 aeternus
1719 4202 1829 4278 Pater
1859 4207 1977 4304 inquit
2013 4216 2058 4284 de
2089 4216 2180 4286 lilio:

1186 4303 1295 4375 Hunc
1310 4304 1448 4374 audite.

1222 4459 1231 4484 .
1289 4419 1397 4508 Quod
1432 4433 1548 4490 autem
1584 4420 1707 4490 dicunt
1739 4417 2008 4512 Enthusiastac,
2045 4431 2181 4504 Sentiri

1187 4537 1350 4615 oportere
1365 4545 1500 4590 novam
1511 4523 1682 4592 laeticiam
1700 4523 1737 4590 iu
1754 4528 1931 4604 cordibus.
1982 4529 2051 4603 llic
2068 4535 2181 4608 sciant

1187 4627 1237 4718 pii
1256 4623 1426 4694 dissimile
1440 4625 1509 4693 iter
1524 4647 1596 4694 esse
1613 4625 1650 4692 in
1671 4620 1920 4718 Philosophia,
1945 4647 1981 4703 ct
2000 4633 2037 4703 in
2053 4659 2182 4706 conso·

1187 4725 1338 4810 latione,
1365 4749 1454 4819 quae
1476 4727 1514 4796 tit
1528 4725 1614 4811 lide;
1649 4726 1687 4794 in
1703 4723 1934 4820 Philosophia
1955 4732 2179 4825 procedimus

1187 4831 1233 4899 ab
1249 4827 1463 4920 experientia
1475 4829 1518 4895 ad
1534 4825 1799 4914 adsensionem,
1824 4833 1923 4922 prius
1938 4838 2179 4928 experimento

1188 4928 1451 5020 cognoscimus,
1475 4929 1560 5000 vino
1575 4929 1723 5000 calefieri
1739 4952 1906 5023 corpora,
1931 4943 2179 5036 posteacequi·

1187 5045 1247 5104 tur
1271 5031 1445 5100 adsensio.
1498 5027 1546 5100 Αι
1568 5056 1648 5100 cum
1665 5031 1863 5104 accedimus
1884 5038 1928 5106 ad
1943 5036 2079 5128 Deum,
2102 5044 2178 5135 pri.

1187 5157 1285 5204 metm
1302 5132 1409 5200 verbo
1426 5133 1696 5203 adsentiendum
1711 5145 1780 5214 est,
1803 5131 1871 5206 hoc
1887 5163 1966 5209 ccam
1983 5142 2037 5226 lit,
2059 5145 2179 5238 sequi·

1187 5249 1247 5308 tur
1270 5233 1425 5318 laeticia,
1449 5247 1491 5304 ut
1512 5229 1645 5305 Paulus
1668 5233 1802 5329 iuquit:
1829 5233 2011 5313 lustifieati
2030 5244 2098 5312 fide
2114 5269 2179 5339 pa-

1187 5359 1262 5408 cem
1282 5329 1464 5405 habemus.

1458 5428 1543 5508 ov·
1655 5379 1657 5393 ¹
