4888 5962
124 185 206 290 aa
720 111 1139 290 carantanas
1176 181 1582 308 casanaula
2091 188 2166 299 no.

128 349 306 440 articulus
322 351 460 439 generis
481 351 689 432 foeminini,
714 367 754 424 nt
775 357 888 426 foetus
906 357 1125 454 intelligatur
1175 383 1277 458 narn,
1297 373 1344 456 ut
1364 356 1492 456 Daniel
1513 359 1698 460 nominat,
1717 385 1833 463 φρει,
1846 358 2073 456 ‚Redemptor
2097 383 2164 434 no·

130 447 208 522 ison
229 475 272 520 es
295 451 391 525 virili
412 452 547 522 semine
568 468 685 540 ortus,
710 460 771 526 sed
794 483 835 526 ex
857 473 970 529 matre
986 461 1124 550 virgine
1174 461 1330 534 minetur
1344 457 1471 546 Siloh?
1540 452 1579 523 .‘
1636 450 1653 464 ”
1810 459 1815 469 ’
1847 456 1893 474 ”
1958 457 1970 476 ”
2041 463 2047 482 ’

122 568 256 644 metus,
287 555 379 628 sicut
398 553 527 628 diserte
549 557 684 634 dictum
707 573 774 634 est:
797 559 930 632 Samen
950 562 1122 641 mulieris.

129 652 327 728 Haec-non
348 681 369 726 a
393 657 498 726 nobis
520 659 666 729 conficta
689 674 741 730 est
763 661 1027 754 interpretatio,
1060 666 1119 734 sed

128 751 240 828 habet
260 771 401 829 autores
425 771 559 830 veteres
575 757 744 835 Ebraeos.
794 757 886 834 Cuni
907 753 1024 835 anterii
1047 765 1122 834 loe·

130 873 208 940 turn
232 861 348 932 dicere
370 862 501 942 vellet,
522 885 606 932 usus
619 877 671 933 est
687 865 795 934 verbo
810 867 1029 955 significante
1046 869 1120 957 pel·

122 962 200 1042 lem
217 964 370 1041 maxime
385 963 565 1051 fragilem,
594 977 634 1034 ut
647 965 906 1053 significaretur
918 969 1034 1062 passio
1051 967 1120 1040 hu-

128 1064 187 1134 ius
208 1062 472 1156 Redemptoris.
524 1064 650 1154 Qualis
673 1069 837 1159 pellicula
864 1083 916 1140 est
938 1071 1032 1140 lilius
1053 1071 1119 1142 Dei

128 1169 262 1236 sudans
290 1169 498 1257 sanguinem
527 1169 566 1236 in
590 1192 721 1258 agone,
754 1185 788 1242 et
808 1173 937 1242 deinde
960 1177 1120 1266 pendens

126 1269 169 1337 in
184 1293 288 1339 cruce
306 1271 510 1342 vulneratus
525 1283 559 1338 et
574 1269 771 1342 laceratus?

1270 615 1413 712 *Harum
1429 631 1608 690 tantarum
1622 641 1740 689 rerum
1753 615 2058 710 explicationi'alia
2069 631 2160 688 tem-

1174 736 1259 806 pora
1289 720 1479 814 tribuenda
1507 733 1600 792 sunt.
1666 719 1771 791 Nunc
1796 735 1934 790 tantum
1958 743 2162 791 commone*

1172 820 1360 888 factionem
1375 811 1377 816 ’
1394 823 1548 892 recitabo
1578 825 1624 893 de
1651 813 1903 933 depravatione
1932 817 2039 892 huius
2063 821 2161 906 dicti,

1173 931 1264 1012 quae
1298 917 1495 992 horrendos
1532 921 1685 994 lurores'
1706 909 1808 1016 apud
1834 921 1981 993 ludaeos
2000 921 2159 1014 :peperita

1171 1020 1263 1092 Cum
1286 1037 1357 1092 tam
1376 1035 1488 1094 annos
1505 1027 1680 1115 sexaginta
1697 1030 1742 1096 ab
1756 1021 1892 1096 excidio
1910 1037 2085 1115 postremo
2102 1021 2160 1092 le·

1172 1125 1386 1218 rosolymae,
1408 1129 1552 1197 urbium
1571 1114 1722 1214 cineres,
1749 1121 1782 1198 et
1797 1125 1930 1196 mdera'
1940 1119 2005 1198 καὶ
2019 1119 2158 1220 &primos

1170 1226 1412 1296 testimonium
1427 1231 1597 1316 dicerent,
1622 1231 1728 1298 linem
1743 1249 1815 1299 esse
1829 1228 1973 1320 politiae
1987 1226 2160 1310 iudaicae,

231 1369 328 1440 Haec
351 1369 475 1460 ingen,
496 1371 685 1444 iufirmitas
705 1365 897 1464 significata
922 1331 993 1462 ἐπ’
1029 1345 1120 1470 q'uae
1172 1339 1205 1397 et
1230 1327 1360 1446 scirent
1385 1324 1506 1450 ludaei
1528 1327 1710 1422 Haggeum
1738 1321 2159 1450 praedixisse,'lledem-

1172 1447 1306 1520 prorem
1338 1457 1374 1498 m
1404 1433 1466 1500 rllo
1496 1455 1572 1523 apso
1600 1435 1731 1524 templo
1756 1444 2049 1502 concronatorum
2074 1451 2158 1514 esse,

127 1486 248 1546 tamen
264 1487 499 1558 sustentatur,
524 1475 607 1567 quia
624 1475 725 1548 unita
740 1492 790 1548 est
805 1478 948 1548 divinae
964 1493 1120 1565 naturae,
1472 1535 1479 1551 ,

126 1590 164 1648 ,ι
180 1575 218 1650 i„
234 1599 273 1644 e,
291 1570 389 1658 Dm,
406 1590 456 1645 es,
473 1581 701 1670 σωματικῶς.
1171 1533 1265 1624 quod
1300 1545 1378 1622 post
1407 1536 1558 1603 redstum
1582 1555 1623 1604 ex
1646 1533 1830 1654 Babylone
1851 1547 2047 1604 extructum
2072 1544 2157 1611 erat,

232 1674 476 1767 Adspicientes
501 1695 618 1748 autem
643 1694 676 1752 et
701 1673 792 1750 hanc
809 1680 996 1768 laceratam
1015 1678 1119 1772 pelli·
1171 1647 1204 1702 εἰ
1229 1632 1333 1752 'fimi’
1362 1661 1400 1704 ³⁰
1422 1633 1607 1765 plliileffl
1639 1640 1871 1727 l‘fdfldfflfflfl,
1900 1647 2022 1752 Ρξὶῦῑθθ
2049 1632 2157 1700 finem

1170 1736 1315 1828 polanae
1339 1733 1499 1806 iudaicae
1521 1740 1680 1808 futurum
1705 1759 1795 1820 esse,
1827 1751 1862 1807 et
1884 1736 2046 1805 miranda
2067 1735 2157 1806 iacta

125 1780 263 1866 culam,
290 1795 324 1850 et
345 1793 463 1871 postea
482 1805 524 1852 en
543 1775 608 1870 hac
624 1781 814 1870 fragilitate
830 1783 1055 1853 exuscitatam
1072 1781 1116 1850 ad
1170 1835 1424 1926 Apostolorum
1454 1853 1682 1925 testaremur,
1711 1837 1995 1928 ,Redemptum
2017 1831 2160 1906 “hibi-

123 1897 306 2056 {J‘i‘m‘im
335 1882 506 2001 msam
540 1884 585 1989 de
609 1885 890 2053 imbgidqmque
914 1897 1118 2026 “listeinui'
1169 1951 1246 2009 tum
1260 1963 1351 2018 esse,
1374 1941 1544 2010 tamenin
1562 1963 1687 2031 magna
1701 1941 1931 2010 multitudine
1944 1936 2158 2009 ludaeorum
2188 1933 2194 1942 ¹

162 2007 202 2052 ⁰³
217 2007 298 2102 veie
312 1998 477 2125 ‘cimini
492 2007 687 2103 ”unnim
714 2011 772 2124 ¹.³j
790 1999 1118 2156 ei'crufiii‘ilmm'
1170 2053 1265 2110 tauta
1296 2041 1365 2110 luit
1391 2025 1598 2131 perversitas
1622 2055 1656 2112 et
1680 2041 1893 2134 pertinacia,
1924 2055 1964 2110 ut
1985 2041 2158 2129 fingerent

122 2099 542 2258 ffiffifflffispecmm’
569 2111 620 2156 m
638 2101 780 2170 'notus’
807 2088 950 2160 licem
993 2111 1118 2156 ‘ineu'
1170 2141 1329 2234 politiam
1355 2141 1532 2212 iudaicam
1555 2144 1876 2234 perpetuam'lore,
1902 2156 1936 2211 et
1958 2141 2034 2212 eius
2054 2140 2158 2210 resti-

230 2285 304 2358 Ha,
334 2288 495 2358 miseri„
521 2302 563 2360 u,
590 2313 611 2358 a
639 2289 744 2360 nobis
768 2291 903 2361 aufem,
923 2289 1017 2362 filius
1039 2285 1118 2376 nep,
1169 2244 1322 2314 tuendae
1339 2267 1442 2312 causa
1464 2239 1673 2314 horribilem
1690 2245 1899 2314 seditionem
1914 2243 2067 2314 Adriani
2083 2237 2159 2311 lm·

124 2389 278 2460 similem
309 2391 510 2484 pelliculam
540 2405 681 2464 nostrae
704 2392 802 2465 cami
826 2393 1041 2484 adsumpsit,
1083 2405 1118 2461 et

122 2517 193 2586 pro
220 2491 326 2561 nobis
356 2491 498 2564 victima
526 2495 641 2564 iactus
664 2507 738 2574 est,
773 2508 806 2564 et
829 2495 912 2588 quia
936 2509 987 2566 est
1010 2485 1118 2590 λόγος

121 2592 259 2662 aeterni
279 2591 408 2686 patris,
435 2618 500 2664 nos
517 2591 713 2684 Evangelio
727 2619 791 2666 suo
810 2597 981 2680 vivificat,
1007 2609 1041 2664 et
1056 2603 1118 2684 ge-

121 2707 194 2765 stat
215 2719 279 2764 nos
302 2695 401 2766 velut
422 2699 467 2766 de
489 2697 623 2766 cervice
645 2721 706 2768 sua
732 2701 945 2788 pendentes,
967 2721 1048 2766 cum
1071 2697 1117 2770 sit

122 2821 166 2867 os
182 2821 223 2865 ex
240 2797 380 2868 ossibus
396 2797 526 2868 nostris
534 2849 546 2884 ,
571 2813 606 2869 et
624 2823 704 2868 caro
719 2801 763 2888 de
779 2823 883 2892 carne
901 2811 1036 2870 nostra.

228 2893 319 2971 Cum
351 2913 468 2970 autem
493 2895 579 2970 haec
601 2897 827 2994 Etymologia
851 2903 895 2970 de
921 2903 1018 2972 loetu
1040 2924 1117 2969 arn-

120 2997 322 3094 plissimam
356 3015 389 3072 et
425 2999 667 3072 dulcissimam
698 3003 898 3074 doctrinam
926 2988 1117 3087 contineat,
1167 2969 1577 3072 ³i¹i⁰r¹¹³·i²m'³¹¹g⁸¹²l’
1600 2955 1840 3047 'dammim'
1865 2957 1908 3024 Μ
1935 2975 2008 3022 ⁸²³⁰
2031 2965 2156 3023 vm*

119 3125 201 3170 non
218 3103 438 3192 aspernanda
456 3117 525 3188 est,
548 3105 754 3196 praesertim
772 3129 852 3177 cnm
871 3097 999 3176 habeat
1013 3117 1116 3174 testes
1167 3080 1285 3229 {uinin
1320 3051 1470 3128 onem
1489 3058 1654 3177 ⁸¹⁰¹'³,⁰¹‚
1676 3053 1795 3127 ’ποῦ’
1853 3053 2155 3223 P⁰⁸lq¹¹⁸¹⁰l²¹i⁰

120 3215 270 3276 vetem,
322 3199 370 3274 E,
392 3229 473 3273 cum
496 3207 609 3298 prosi,
622 3197 790 3276 omnibus
807 3206 1028 3276 notissimam
1043 3229 1116 3276 me
1183 3171 1278 3228 nstrs
1299 3153 1446 3229 evenlus
1468 3160 1623 3229 ostendet
1644 3173 1870 3246 impostorem
1886 3159 2012 3242 luisse,
2036 3179 2121 3225 nom
2137 3193 2156 3216 .

118 3305 336 3374 sententiam
361 3303 487 3386 lacob,
510 3321 545 3378 et
567 3307 812 3378 dulcissimum
830 3309 894 3389 sit,
920 3321 1041 3378 tenere
1057 3307 1116 3377 in·
1167 3271 1270 3329 ”³¹⁰⁸
1291 3274 1343 3330 ‘a
1368 3283 1387 3330 ³
1410 3259 1651 3355 8ΕῩῙΡῙΜῙῙἊῙ*
1671 3254 1879 3348 B⁸n⁶⁰³h⁶³
1903 3261 1941 3331 ld
1966 3271 2037 3407 ists
2062 3257 2157 3409 ΜΨ

117 3407 872 3496 terpretationesconcinnasvocahulorum,
892 3403 1116 3478 delerohanc
1168 3361 1354 3433 mendam

117 3503 365 3598 qrraestionern
405 3511 450 3578 ad
482 3507 733 3582 Reverendum
774 3512 891 3581 virum
923 3509 1114 3580 Ductorem
1269 3510 1359 3582 Cum
1395 3525 1512 3582 atatem
1546 3507 1633 3584 haec
1665 3515 1835 3586 sediciosa
1866 3515 2060 3588 multitudo
2095 3513 2157 3585 ln-

117 3599 326 3702 Georginm
342 3603 547 3697 Maiorem,
571 3627 606 3683 et
620 3627 713 3704 peto,
737 3627 777 3684 ut
796 3628 940 3705 propter
956 3612 1116 3696 iuniores
1168 3617 1336 3685 daeo'rnm
1361 3611 1573 3682 Palestinam
1604 3629 1638 3684 et
1660 3613 1800 3710 Syriam
1825 3617 1975 3685 vicinam
2007 3615 2157 3707 popula·
2192 3691 2196 3700 .

116 3710 302 3784 auditores
318 3705 496 3806 copiosius
509 3717 553 3798 de
570 3737 609 3784 ea
628 3715 733 3789 dicat.
783 3713 878 3786 Dixi.
1169 3731 1284 3796 retur,
1318 3713 1501 3786 Adrianus
1526 3715 1723 3810 lmperator
1748 3714 1884 3815 aliquot
1910 3715 2051 3808 praeliis
2079 3741 2155 3785 earn

1168 3817 1371 3908 dissipavit,
1401 3818 1438 3888 in
1463 3818 1593 3910 quihus
1613 3831 1729 3890 tamen
1753 3833 1787 3888 et
1802 3843 1926 3908 magna
1943 3821 2064 3888 caedes
2079 3815 2156 3890 Ro·

1168 3943 1355 3988 manorum
1368 3919 1523 3989 militurn
1540 3920 1628 4012 lacta
1643 3931 1704 3988 est.
1731 3917 1872 4012 'Postea
1887 3919 2057 4014 reliquiae
2070 3945 2155 3991 con-

1166 4022 1333 4107 fugerunt
1353 4019 1391 4088 in
1409 4019 1581 4112 oppidum
1598 4015 1799 4106 Bitheram,
1824 4035 1864 4091 ut
1880 4019 2078 4113 Scriptores
2094 4017 2158 4091 lu·

225 4111 339 4198 Vera,
363 4113 511 4205 simplex
527 4129 560 4185 et
576 4113 691 4184 natira
708 4116 880 4186 sententia
899 4110 1117 4203 huiusdicti,
1167 4122 1259 4191 dalei
1281 4123 1489 4206 nominant,
1523 4121 1584 4213 qni
1606 4123 1749 4216 quidem
1772 4136 1806 4194 et
1824 4112 1977 4193 vicinam
2004 4125 2078 4194 esse
2100 4121 2155 4192 di·

117 4239 230 4310 qnam
248 4215 287 4286 in
296 4213 452 4286 Ecclesia
467 4230 588 4288 nutam
603 4241 677 4288 esse
689 4231 838 4308 oportet,
865 4220 1024 4289 continet
1040 4245 1115 4290 arn-
1167 4237 1252 4292 cunt
1277 4221 1534 4318 ierosolymae,
1560 4248 1669 4316 qrrare
1691 4247 1755 4313 ego
1777 4221 1960 4295 Bethoron
1985 4251 2057 4296 esse
2082 4225 2156 4294 esi-

116 4318 317 4410 plissimam
345 4317 563 4396 doctrinam,
603 4332 637 4388 et
658 4318 880 4388 dulcissimas
902 4321 1116 4391 consolatio·
1167 4325 1291 4409 stimo,
1333 4349 1423 4418 quae
1452 4324 1522 4394 tuit
1550 4325 1588 4392 in
1620 4325 1731 4395 limite
1762 4327 1866 4396 sortis
1895 4323 2087 4416 Ephraim,
2122 4338 2157 4396 et

115 4444 195 4492 nes.
249 4417 323 4490 Nec
338 4444 421 4488 vero
439 4419 594 4490 breviter
609 4419 678 4488 dici
696 4435 808 4511 potest
824 4423 868 4490 de
884 4417 940 4491 his
955 4423 1116 4494 maximis
1165 4423 1888 4520 quondamaSalomonemnnitalnerat.
1940 4423 2156 4518 luidoppi·

115 4523 246 4606 rebus,
271 4545 380 4616 quare
398 4521 588 4592 constituta
606 4521 652 4592 sit
666 4519 796 4592 Politia
812 4520 982 4610 Mosaica,
1008 4549 1113 4617 qnam
1166 4532 1251 4596 dum
1268 4523 1513 4600 inclusnsan
1529 4551 1609 4624 cum
1624 4543 1724 4624 parte
1736 4529 1931 4621 copiarum,
1957 4543 2030 4599 toto
2043 4529 2155 4598 trien-

116 4619 228 4692 dulce
257 4623 467 4692 heneficium
497 4619 565 4693 Dei
596 4621 722 4706 luerit,
761 4615 892 4693 habere
920 4619 1113 4696 Ecclesiam
1166 4629 1228 4700 nio
1251 4643 1286 4699 et
1309 4653 1366 4698 sex
1388 4629 1570 4700 mensibus
1584 4630 1810 4721 obsidionem
1827 4629 2001 4702 toleravit.
2054 4627 2156 4699 Tan-

117 4738 260 4794 certum
284 4719 479 4816 hospitium
502 4725 540 4793 in
562 4745 691 4812 genere
711 4719 889 4811 humano,
928 4741 962 4798 et
984 4742 1113 4796 certam
1165 4733 1246 4800 dem
1270 4744 1480 4820 consumpto
1496 4732 1671 4818 exercitu,
1696 4729 1825 4824 partim
1841 4731 1880 4800 in
1897 4731 2157 4824 eruptionibus,
2198 4787 2235 4806 .„

116 4825 305 4898 doctrinae
328 4829 468 4912 sedem,
493 4841 655 4904 ornatam
680 4825 879 4896 illustribus
902 4829 1114 4898 testimoniis
1165 4829 1294 4926 partim
1317 4832 1515 4926 pestilentia
1537 4847 1573 4904 et
1590 4833 1703 4926 lame,
1728 4833 1900 4924 oppidum
1917 4836 2179 4930 expugnatum
2256 4921 2260 4930 ι

115 4953 138 4997 a
156 4923 255 5011 Deo,
280 4927 455 5014 victoriis,
481 4941 517 5000 et
539 4927 712 5010 mirandis
728 4925 829 4996 iactis
843 4923 1115 5028 Prophetarum,
1165 4948 1236 5026 est,
1262 4949 1297 5006 et
1311 4931 1394 5004 Dux
1411 4933 1572 5028 sibiipss
1589 4951 1736 5030 {norum
1753 4930 1943 5020 conscivit,
1968 4935 2080 5030 etqui
2098 4961 2156 5016 re-
2236 4959 2242 4972 ·

116 5029 252 5099 deinde
275 5033 384 5123 quare
401 5009 745 5138 hae'cl'piilcli'essrrima
762 5023 904 5123 politia,
930 5031 1113 5102 manifesta
1165 5021 1266 5132 liqui
1281 5025 1400 5126 eram,
1421 5035 1596 5111 interfecti
1620 5025 1715 5110 sunt.
1763 5028 1834 5104 Hic
1858 5035 1927 5106 luit
1942 5037 2055 5108 exitus
2072 5032 2156 5106 cru-

116 5129 191 5204 Dei
214 5153 300 5202 voce
314 5124 628 5230 constituta,‘cum
644 5123 803 5201 durasset
818 5131 915 5200 mille
930 5135 1114 5224 octingen-
1164 5137 1336 5209 delissimi
1361 5133 1544 5230 Tyranni,
1576 5137 1637 5228 qui
1654 5135 1832 5226 gloriatus
1855 5138 1987 5224 iuerat,
2012 5161 2049 5208 se
2072 5129 2167 5221 stel-¹

116 5249 178 5306 tos
194 5245 230 5302 et
243 5235 334 5304 duos
349 5220 482 5318 annos,
507 5228 668 5303 lunditns
682 5229 796 5304 deleta
811 5224 986 5330 sit,¹qnid
1002 5235 1114 5306 inter·
1161 5239 1235 5332 lam
1260 5261 1351 5332 esse,
1376 5237 1421 5306 dc
1440 5261 1511 5333 qua
1531 5238 1619 5308 dicit
1637 5237 1863 5312 vaticinium:
1890 5233 2040 5312 Orietur
2054 5229 2156 5308 stella

115 5335 167 5411 sil
194 5335 292 5407 inter
320 5334 574 5430 paedagogiani
600 5335 709 5446 legis,
731 5349 777 5440 'et
797 5321 979 5436 iusticiam
1000 5351 1114 5408 aeter·
1164 5363 1205 5410 ex
1222 5335 1339 5412 lacob.
2000 5341 2004 5348 ’

1169 2344 1342 2437 peratoris
1356 2357 1516 2436 tempore
1529 2359 1731 2430 moverent,
1755 2347 1903 2416 collecto
1917 2344 2073 2416 exercitu
2085 2356 2157 2413 tre-

1169 2459 1354 2516 centorum
1385 2448 1537 2518 millium
1563 2443 1748 2518 hominum
1772 2439 1813 2516 ex
1837 2447 2014 2536 fugitivis,
2044 2457 2079 2515 ct
2101 2457 2158 2515 se-

1170 2548 1308 2617 ditiosis
1337 2547 1487 2624 ludaeis.
1564 2547 1646 2619 Dux
1676 2545 1783 2619 huius
1808 2547 2057 2618 multitudinis
2085 2545 2156 2618 tuis

1169 2643 1276 2718 homo
1300 2651 1474 2736 luciosus,
1500 2651 1563 2744 qni
1585 2651 1771 2743 praecipue
1790 2649 1830 2719 in
1844 2643 2065 2720 Christianos
2079 2671 2155 2718 ma

1168 2764 1273 2841 gnam
1299 2753 1540 2823 crudelitatem
1563 2753 1735 2835 exercuit,
1766 2751 1827 2844 qni
1846 2751 1913 2820 sihi
1938 2772 2069 2820 nornen
2090 2749 2156 2820 tri,

1168 2846 1508 2939 boicBeacocaob,
1539 2853 1575 2922 id
1600 2867 1669 2939 est,
1703 2853 1798 2922 lilius
1816 2851 1948 2927 stellae.
1999 2847 2090 2922 Nam
2114 2862 2156 2920 nt

117 3956 300 4044 Responsio
322 3955 711 4045 Georpii‘Moioris,
740 3955 893 4026 Dederis
915 3957 1115 4046 Theolopine.
