4888 5962
787 158 788 162 Ὺ
853 205 1278 301 Quansrtouus

284 215 359 284 743

288 389 476 468 dederent,
502 406 538 452 se
554 385 695 453 turbam
712 385 809 453 illam
824 383 1015 453 mulierum
1032 397 1066 453 et
1083 407 1275 474 puerorum

170 485 175 494 '
291 487 562 557 interfecturum
588 509 673 558 esse.
734 487 790 556 lbi
811 487 950 577 sapiens
972 483 1051 556 Rex
1075 485 1275 576 respondit:

289 586 387 660 Mihi
403 611 487 658 vero
511 589 719 681 nequidem
745 589 952 658 universum
968 610 1118 677 regnum
1136 586 1277 684 Neapo-

290 694 443 762 litanum
467 690 557 760 tanti
582 703 650 776 est,
673 703 714 760 ut
736 691 800 760 tali
822 691 1042 760 crudelitatis
1064 689 1179 781 specie
1197 690 1278 757 viu-

292 818 370 864 cere
388 793 507 862 velim.
559 787 614 860 Ac
629 817 711 862 mox
728 794 827 863 dedit
843 794 1030 872 mandata,
1055 806 1097 862 nt
1112 792 1168 860 illi
1183 793 1279 860 mul-

292 895 440 966 titudini
455 907 675 984 parceretur,
700 908 735 966 et
750 896 853 965 iussit
869 919 944 963 eam
968 895 1006 962 in
1022 894 1149 963 vicinis
1175 895 1279 986 oppi-

293 999 348 1067 dis
363 994 586 1089 hospitaliter
599 997 723 1088 excipi.
775 995 872 1066 Vicit
894 991 982 1066 haec
1006 997 1194 1066 admiratio
1223 997 1280 1065 iu-

293 1099 412 1170 sticiae
428 1099 630 1168 defensores
644 1099 784 1190 oppidi,
807 1113 942 1189 patres,
957 1099 1123 1183 maritos,
1151 1121 1281 1187 cogna-

293 1217 348 1273 tos
369 1201 469 1270 illius
490 1201 635 1286 turbae,
661 1225 740 1270 cum
766 1201 1001 1294 lacrymantes
1024 1204 1068 1270 dc
1092 1201 1282 1271 moenibus

294 1299 491 1396 spectarent
512 1296 581 1371 hoc
606 1325 752 1393 agmen,
778 1317 813 1372 et
834 1303 1074 1392 intelligerent
1092 1301 1202 1392 Regis
1226 1304 1281 1370 in-

294 1408 451 1490 sticiam,
486 1429 526 1473 ac
550 1405 668 1474 statim
688 1405 778 1474 facta
802 1418 853 1474 est
876 1406 1024 1475 deditio.
1077 1401 1173 1474 Haec
1197 1406 1283 1474 belli

293 1511 372 1579 iura
389 1507 779 1598 consideravitSparta,
800 1532 879 1576 cum
895 1507 1046 1576 absolvit
1057 1501 1283 1592 Anaxilanm,

173 1669 175 1672 .
295 1612 358 1704 qui
374 1609 516 1702 publice
530 1624 710 1680 accusatus
724 1609 813 1690 fuit,
840 1611 935 1706 quod
954 1607 1110 1682 Bizan'tii
1129 1611 1282 1680 deditio-

296 1738 377 1784 nem
390 1712 541 1782 fecisset.

395 1813 486 1886 Cum
503 1813 598 1884 enim
614 1815 749 1886 iudices
765 1817 948 1902 audirent,
976 1841 1055 1887 eum
1073 1841 1146 1885 non
1160 1817 1284 1887 fraude

298 1917 422 1987 fecisse
445 1917 683 2002 deditionem,
717 1919 777 1987 sed
799 1932 936 1988 motum
962 1919 1054 1988 tristi
1084 1919 1283 2010 spectaculo

295 2021 492 2091 multorum
509 2021 601 2088 fame
618 2019 868 2106 morientium,
896 2021 1183 2112 pronunciarunt
1204 2045 1283 2090 enm

166 2217 169 2224 μ
199 2195 203 2202 ,
296 2123 389 2192 iuste
412 2121 551 2204 fecisse,
578 2120 660 2211 quia
683 2122 856 2212 tantisper
877 2124 1083 2192 defensione
1109 2125 1283 2194 utendum

298 2225 362 2308 sit,
386 2225 500 2292 donec
516 2222 650 2291 bellum
670 2239 721 2296 est
737 2249 817 2292 cum
834 2219 1013 2306 hostibus,
1040 2251 1114 2294 non
1137 2251 1217 2294 cum
1234 2227 1283 2296 ci-

298 2325 422 2409 vibus,
449 2337 483 2393 et
499 2348 579 2392 cum
593 2337 719 2393 natura
736 2320 935 2400 hominum.
983 2323 1061 2396 Etsi
1081 2327 1286 2416 igiturPer-

297 2426 361 2496 sici
377 2425 492 2516 Reges
509 2420 640 2518 Bagou
655 2426 867 2508 laudarunt,
895 2443 929 2498 et
956 2429 1104 2519 posteris
1129 2431 1285 2521 praemia

297 2528 519 2608 tribuerunt,
545 2529 645 2622 quod¹
659 2530 801 2616 urbem,
829 2531 886 2599 cui
901 2533 1120 2622 praefuerat,
1140 2532 1285 2601 maluis-

297 2645 349 2702 set
372 2631 579 2714 incendere,
610 2631 704 2700 etin
729 2657 769 2702 ea
791 2631 992 2704 universam
1016 2635 1285 2703 multitudinem

297 2727 481 2802 hominem
503 2747 537 2804 et
559 2755 633 2802 sese
664 2729 816 2804 flaminis
838 2737 1008 2825 perdere,
1043 2761 1149 2830 quam
1173 2735 1287 2806 facere

238 2847 243 2858 ’
297 2832 535 2921 deditionem,
559 2847 678 2904 tamen
695 2833 864 2929 Spartani
879 2838 1005 2908 iudicii
1030 2839 1202 2910 sententia
1220 2835 1288 2910 ho-

297 2938 432 3008 nestior
448 2949 508 3010 est.
560 2937 668 3010 Dixi:

744 3175 908 3186 m

1053 3345 1101 3407 31.
1116 3341 1179 3406 len.
1192 3342 1287 3406 1544.

307 3331 374 3404 No.
390 3332 457 3406 26.

297 3425 468 3454 Μ
1063 3436 1276 3472 *ew

374 3542 406 3600 la
417 3541 578 3614 Quaestiou.
590 3563 616 3616 p.
633 3542 690 3597 stt>
705 3563 747 3616 aq.
767 3554 791 3599 et
809 3544 838 3599 iu
852 3546 958 3599 Consil.
975 3545 1043 3603 Met.
1058 3547 1089 3600 Ρ.
1104 3549 1124 3604 l.
1138 3565 1166 3616 p.
1179 3547 1237 3603 577.

299 3694 500 3787 Quaestio,
526 3703 844 3798 recitatauMap.
871 3703 1179 3798 sigismundo
1204 3709 1289 3777 tte-

400 3806 496 3893 tao,
525 3807 699 3900 vapore,
727 3801 762 3876 d.
789 3801 852 3878 31.
876 3809 1033 3876 Ianuar.
1063 3803 1174 3881 1544.

298 3941 392 4026 Non
415 3952 558 4042 ingenii¹
574 3967 637 4024 aut
659 3953 841 4023 doctrinae
859 3955 1009 4035 fiducia.
1035 3951 1099 4025 has
1120 3951 1211 4025 mihi
1232 3957 1288 4026 di-

299 4055 403 4123 cendi
429 4069 545 4144 partes
567 4045 689 4140 sumo,
722 4059 781 4125 sed
804 4069 844 4126 ut
866 4050 1125 4127 honestissimis
1149 4056 1288 4128 Acade-

299 4156 394 4224 miae
408 4155 546 4244 legibhs
560 4157 811 4248 obtemperem.
827 4163 831 4168 '
864 4154 918 4228 Ac
934 4183 1077 4250 prorsus
1094 4161 1143 4231 ita
1159 4163 1287 4242 sentio,

1332 205 1759 318 acannnman.
2239 209 2316 285 ua

1326 397 1466 466 ament,
1493 407 1644 475 quarum
1665 382 1823 472 cognitio
1847 397 1941 454 certe
1965 383 2079 454 lucem
2097 383 2219 454 multis
2238 405 2320 473 gra-

1326 483 1481 554 vissimis
1512 487 1668 557 materiis
1695 487 1820 554 adfert.
1880 481 2061 558 Viderunt
2084 485 2322 578 Moscopulus

1327 583 1592 678 etPhilelphus,
1610 583 1790 682 updgcum
1800 585 2011 657 Accusativo
2027 613 2101 657 non
2119 613 2192 658 esse
2211 591 2322 682 apud,

1327 691 1386 758 sed
1405 711 1486 757 cum
1506 687 1657 776 Dativo,
1683 703 1723 759 ut
1737 684 1830 785 πρὸς
1843 691 1925 768 ταῖς
1940 685 2092 777 πύλαις,
2119 693 2217 762 iuxta
2233 715 2322 782 por-

1327 807 1400 876 tas,
1437 793 1533 882 apod
1556 788 1818 886 Thucydidem.
1876 787 1925 862 Et
1944 815 2082 883 semper
2110 794 2163 863 ita
2188 791 2324 864 Graeci

1328 896 1537 985 loquuntur.
1591 893 1739 986 Semper
1750 894 1858 963 etiam
1881 919 1962 962 cum
1979 895 2192 966 Accusativo
2212 897 2323 966 intel·-

1330 998 1447 1086 ligunt
1472 990 1545 1068 Ad.
1597 992 1644 1065 Et
1660 997 1803 1090 quidem
1827 1017 1929 1088 saepe
1947 1001 1991 1066 de
2012 998 2192 1091 colloquio
2215 1023 2323 1069 usur·

1330 1111 1435 1190 pant,
1470 1113 1512 1171 ut
1537 1095 1757 1189 Xenophon:
1792 1092 2012 1197 διαλέγομαι
2040 1093 2132 1196 πρός
2162 1120 2214 1173 σε.
2274 1097 2324 1170 Et

1331 1196 1580 1296 Thucydides:
1608 1193 1741 1298 λόγους
1763 1198 1958 1273 ἐποιοῦντο
1983 1199 2076 1298 πρὸς
2095 1198 2184 1283 τοὺς
2207 1225 2321 1298 στρα-

1330 1300 1480 1400 τηγοὺς.
1519 1301 1752 1396 Moscopulus
1768 1302 1878 1392 igitur
1894 1307 2052 1396 quaerit,
2069 1306 2204 1376 deloco
2217 1305 2324 1375 loan-

1333 1405 1408 1490 nis,
1441 1406 1527 1499 quid
1550 1407 1597 1474 sit
1620 1401 1712 1501 πρὸς
1733 1399 1802 1477 τὸν
1825 1400 1931 1478 θεὸν.
1984 1403 2033 1478 Et
2057 1408 2324 1500 interpretatur,

1332 1512 1529 1577 secundum
1552 1505 1681 1581 Deum.
1733 1506 1787 1578 Ae
1818 1504 2014 1578 Iohannem
2048 1511 2097 1580 sic
2128 1512 2323 1604 loquutnm

1333 1633 1426 1691 esse,
1454 1609 1647 1694 existimat,
1673 1622 1712 1678 ut
1737 1610 1967 1699 significaret,
1993 1604 2106 1710 λόγον
2126 1635 2198 1682 esse
2225 1613 2323 1680 ima-

1333 1713 1450 1801 ginem
1466 1712 1600 1782 aeterni
1619 1711 1737 1802 patris.
1783 1711 1874 1782 Nam
1890 1735 1992 1805 saepe
2001 1711 2108 1812 Πρὸς
2122 1739 2200 1784 cnm
2214 1737 2323 1784 accu-

1330 1815 1446 1884 sativo
1464 1815 1636 1905 significat
1660 1815 1932 1902 convenienter,
1959 1831 1995 1888 et
2010 1821 2105 1910 apud
2122 1819 2325 1900 Isocratem,

1336 1920 1421 1987 dare
1444 1917 1598 2010 praemia
1624 1911 1716 2012 πρὸς
1730 1912 1773 1988 τὸ
1791 1923 1991 2014 προσῆκον.
2044 1917 2093 1992 Et
2116 1921 2210 2012 apud
2233 1917 2325 1990 Ari-

1335 2022 1512 2091 stotelem:
1555 2018 1688 2091 Civitas
1711 2021 1818 2092 situm
1844 2015 1973 2092 habeat
1996 2019 2088 2118 πρὸς
2111 2017 2251 2115 αὐτὴν,
2287 2021 2327 2089 id

1335 2137 1401 2207 est,
1418 2122 1710 2208 convenientem,
1727 2145 1791 2212 pro
1808 2119 1916 2194 uacci.
1948 2122 2028 2196 Non
2043 2126 2208 2218 vitupero
2225 2123 2328 2216 equi-

1335 2227 1414 2296 dem
1432 2221 1525 2294 hanc
1540 2223 1742 2316 Moscopuli
1768 2227 2117 2318 interpretationem,
2145 2227 2221 2295 imo
2238 2227 2328 2296 dili-

1335 2328 1489 2416 gentiam
1505 2327 1632 2412 lando,
1658 2329 1754 2420 quod
1779 2353 1859 2398 cum
1877 2329 2013 2406 videret
2036 2331 2074 2398 in
2091 2327 2242 2424 Syntaxi
2269 2329 2324 2397 la-

1336 2444 1408 2500 tere
1433 2430 1569 2522 aliquid
1591 2430 1729 2514 arcani,
1756 2433 1993 2522 quaerendam
2020 2455 2093 2502 esse
2117 2447 2248 2502 certam
2276 2431 2330 2500 si-

1338 2531 1600 2622 gnificationem
1618 2533 1766 2602 censuit.

1440 2629 1671 2725 Philelphum
1688 2635 1793 2725 plane
1807 2635 1940 2719 reiicio,
1956 2637 2019 2728 qni
2035 2637 2124 2705 duas
2139 2649 2327 2725 corrupte-

1337 2738 1388 2805 las
1414 2736 1454 2804 in
1478 2731 1546 2805 hoc
1570 2749 1666 2806 textu
1683 2737 1976 2806 comminiscitur.
2025 2735 2169 2808 Mavult
2190 2731 2328 2836 Λόγον

1337 2837 1429 2908 verti
1444 2839 1637 2924 rationem,
1660 2852 1694 2907 et
1715 2833 1809 2934 πρὸς
1832 2839 2086 2930 interpretatur
2107 2863 2228 2931 penes.
2279 2835 2332 2910 Et

1235 3005 1237 3010 .
1338 2941 1485 3009 verbum
1518 2955 1591 3011 erat
1614 2963 1720 3030 penes
1746 2938 1882 3026 Deum,
1915 2942 1951 3010 id
1981 2954 2050 3027 est,
2084 2942 2123 3010 in
2155 2955 2330 3034 potestate

1338 3040 1421 3126 Dei,
1447 3056 1488 3112 ut
1507 3044 1672 3112 dicimus:
1699 3041 1809 3112 Liber
1830 3056 1883 3113 est
1901 3067 2009 3134 penes
2026 3069 2103 3125 me,
2128 3043 2256 3128 idest,
2285 3046 2327 3112 in

1339 3157 1507 3236 potestate
1532 3169 1620 3216 mea.
1681 3143 1761 3213 Non
1788 3145 2114 3238 interpretationem
2140 3141 2236 3216 hanc
2260 3148 2330 3216 ad·

1337 3247 1461 3332 mitto,
1489 3262 1522 3318 et
1539 3249 1702 3338 vitupero
1721 3247 1917 3321 audaciam.
1971 3246 2117 3320 Constat
2133 3250 2251 3333 enim,
2269 3247 2329 3317 lo-

1338 3343 1493 3416 hannem
1513 3349 1645 3418 intueri
1663 3349 1818 3440 primum
1836 3362 1941 3440 caput
1955 3347 2096 3446 Moysi,
2121 3347 2250 3421 deDeo
2269 3351 2328 3420 lo·

1340 3463 1478 3543 quente.
1535 3449 1617 3520 Non
1650 3451 1759 3539 igitur
1782 3448 1993 3536 Rationem,
2026 3455 2090 3522 sed
2113 3451 2327 3524 Sermonem

1338 3575 1402 3623 seu
1424 3553 1572 3622 verbum
1596 3553 1711 3622 voluit
1729 3553 1900 3643 intelligi,
1926 3577 2007 3624 cum
2029 3556 2096 3625 ait:
2123 3553 2166 3624 ln
2186 3554 2329 3647 princi-

1338 3655 1399 3744 pio
1425 3667 1501 3724 erat
1525 3646 1641 3752 λόγος.
1700 3651 1750 3725 Et
1770 3658 1814 3724 de
1840 3653 1995 3726 Persona
2025 3659 2139 3748 magis
2160 3658 2330 3746 congruit

1339 3750 1471 3853 Apud,
1499 3781 1605 3850 quam
1632 3750 1759 3829 Penas.
1809 3755 1883 3828 Nec
1898 3783 2048 3852 usquam
2065 3757 2213 3831 Graecis
2235 3755 2333 3856 πρὸς

1339 3859 1513 3948 significat
1534 3859 1646 3942 idem,
1668 3861 1765 3952 quod
1784 3881 1911 3954 panes,
1934 3863 2030 3956 quod
2053 3885 2116 3952 per
2138 3857 2199 3934 aa
2221 3864 2330 3932 reddi

1339 3974 1463 4053 potest.
1514 3960 1586 4031 Sed
1604 3957 1733 4031 horum
1756 3961 1888 4032 indicia
1909 3965 2083 4054 repetenti
2109 3965 2148 4032 in
2171 3979 2330 4036 mentem

1338 4063 1456 4148 venit,
1489 4087 1561 4132 non
1588 4064 1770 4154 corrumpi
1800 4067 2011 4134 sententiam
2034 4061 2229 4152 iohannis,
2263 4069 2328 4136 sed

1339 4165 1529 4246 illustrari,
1556 4166 1584 4234 si
1603 4189 1827 4236 communem
1839 4163 1996 4237 Graecae
2010 4168 2154 4259 linguae
2173 4193 2329 4240 consue·

298 4253 368 4328 hoc
390 4259 507 4349 ipsum
535 4257 709 4338 officium,
740 4259 925 4344 videlicet,
954 4255 1113 4358 honestis
1149 4263 1288 4353 legibus
1338 4267 1499 4336 tudinem
1526 4257 1734 4361 sequamur,
1758 4291 1798 4338 ac
1823 4269 2082 4359 intelligamus,
2107 4265 2173 4342 καὶ
2198 4264 2330 4370 Λόγος

299 4383 440 4454 parere,
467 4383 557 4453 quae
573 4373 725 4452 prosunt
741 4363 886 4448 studiis,
912 4363 1017 4454 longe
1041 4366 1156 4435 maius
1181 4367 1287 4436 decus
1336 4360 1491 4466 ἦνπρὸς
1503 4364 1573 4442 τὸν
1587 4365 1682 4443 θεὸν
1688 4421 1700 4454 ,
1726 4365 1899 4442 Etsermo
1917 4385 1990 4443 erat
2010 4369 2191 4448 adDeum.
2227 4371 2330 4444 Haec

298 4488 390 4549 esse,
414 4486 521 4555 quam
538 4459 1073 4558 velPericleameloquentiam.
1124 4464 1205 4536 Erit
1220 4469 1287 4558 igi·
1338 4472 1582 4564 interpretatio
1608 4486 1642 4542 et
1656 4471 1829 4542 Personas
1852 4475 2040 4558 discernit,
2067 4489 2103 4546 et
2127 4499 2202 4546 non
2225 4477 2331 4546 ocio-

298 4580 358 4634 tur
391 4560 625 4635 humanitatis
658 4579 814 4652 vestrae,
847 4567 1002 4637 vicissim
1036 4563 1104 4640 hoc
1130 4569 1286 4640 officium
1339 4596 1412 4664 sam
1439 4575 1647 4644 sententiam
1675 4575 1852 4660 continet,
1884 4577 2263 4662 seddcliherationem
2291 4593 2330 4650 et

300 4669 468 4758 probare,
495 4667 746 4738 etorationcm
762 4667 1062 4740 boniconsulere.
1262 4749 1264 4754 ,
1338 4666 1762 4769 colloquium'signiticat.
1815 4676 1861 4748 Se
1876 4679 2072 4771 adspiciens
2088 4678 2195 4752 Pater
2210 4697 2328 4754 aeter-

402 4767 606 4862 Proponam
632 4770 743 4860 igitur
766 4771 1009 4864 quaestionem
1044 4787 1219 4858 veterem,
1251 4787 1287 4845 et
1336 4801 1423 4864 nus,
1449 4803 1490 4849 ac
1512 4801 1586 4848 sese
1608 4779 1854 4866 considerans,
1880 4804 1920 4850 ac
1935 4803 2054 4852 secum
2074 4782 2246 4876 loquens,
2270 4785 2329 4874 gi-

301 4869 466 4959 agitatam
488 4896 508 4940 a
532 4872 673 4942 duobus
700 4873 914 4942 doctissimis
937 4875 1042 4959 viris,
1074 4873 1286 4968 Moscopulo
1336 4881 1415 4968 gnit
1430 4881 1485 4950 sui
1508 4881 1710 4970 imaginem.
1763 4878 1829 4954 Est
1854 4883 1965 4972 igitur
1983 4887 2026 4953 ad
2051 4883 2169 4955 Deum
2196 4910 2326 4958 sermo.

302 4984 335 5040 et
352 4966 560 5064 Philelpho,
585 4967 647 5042 De
661 4969 869 5069 particula:
896 4969 988 5069 πρὸς
1004 4971 1072 5048 τὸν
1084 4971 1189 5050 θεὸν.
1230 4973 1286 5047 Et
1335 4979 1433 5052 Haec
1449 4983 1625 5053 illustrius
1647 4984 1892 5074 significantur
1908 4985 2081 5076 particula
2109 4981 2189 5074 Ad,
2215 5015 2327 5082 qoam

301 5068 447 5143 verbum
470 5083 548 5144 erat
570 5071 678 5171 apud
699 5071 835 5152 Deum.
887 5073 981 5148 Sunt
1008 5091 1042 5149 et
1064 5080 1134 5148 alia
1160 5079 1199 5150 in
1221 5081 1285 5150 illo
1335 5085 1510 5176 particula
1521 5079 1645 5180 Apud.
1696 5083 1820 5180 Neque
1837 5099 1956 5157 tamen
1972 5087 2012 5158 iu
2027 5089 2181 5160 lectione
2195 5093 2327 5162 usitata

298 5178 376 5269 ipso
394 5177 539 5246 exordio
556 5175 720 5264 loannis,
740 5203 830 5274 quae
847 5177 924 5248 sine
937 5181 1076 5252 erudita
1094 5179 1286 5253 Gramma·
1335 5187 1525 5280 quicquam
1547 5201 1667 5272 muto,
1698 5201 1880 5281 totamque
1908 5183 2001 5259 hanc
2033 5192 2326 5283 disputationem,

297 5281 367 5350 tica
389 5301 462 5348 non
480 5294 629 5369 possunt
638 5269 837 5373 'explicari,
864 5283 959 5377 quod
979 5307 1019 5354 eo
1037 5285 1119 5354 dico
1134 5299 1173 5356 ut
1198 5287 1285 5354 ado·
1335 5291 1380 5358 ad
1402 5289 1624 5360 eruditorum
1652 5289 1783 5360 iudicia
1805 5304 1840 5360 et
1857 5315 2041 5362 censuram
2068 5295 2200 5369 defero.
2251 5295 2328 5366 Nec

299 5381 469 5468 lescentcs
487 5375 573 5452 haec
589 5383 793 5453 communia
808 5384 1013 5475 linguarum
1033 5387 1150 5460 studia
1174 5389 1286 5479 magis
1307 5347 1311 5479 i
1336 5390 1407 5461 alio
1432 5391 1581 5462 consilio
1604 5387 1689 5464 haec
1713 5392 1891 5479 recensui,
1922 5394 1993 5465 nisi
2022 5409 2062 5468 ut
2085 5399 2326 5483 ostenderem,
