4896 5974
294 170 373 248 ,19
768 151 787 168 ·
1002 141 1344 230 roauuruuu·
1372 127 1677 232 -n1n.u1,'
1981 126 1988 132 “
2250 157 2328 233 ⁶20

299 344 398 413 Sient
417 355 564 408 arenoso
584 332 706 402 sitiens
723 327 761 396 in
778 318 906 393 littore'
918 313 1064 404 concha,
1349 317 1420 392 Hir.
1434 325 1541 394 modo
1557 347 1636 392 eum
1655 323 1806 415 patriam
1822 325 1923 396 iustis
1936 326 2141 400 defenderet
2156 326 2282 414 armis,

353 444 509 533 Quando
524 462 634 508 strum
647 434 800 522 primunr
823 425 891 492 Ver
910 427 1168 512 modotempus
1186 421 1273 512 agit:
1402 423 1636 519 Furiissetque
1657 423 1773 496 hostes
1789 429 1979 498 aemiliane
1995 427 2083 500 Dm,

300 545 438 616 5ἷῦοῙοΡ
453 570 473 612 ²¹
490 540 581 610 ΜΠ
599 537 792 608 &illimem
809 525 954 596 “if‘llne
972 549 1101 609 mrem,
1350 521 1493 598 Fraude
1507 529 1633 616 globus
1650 529 1778 598 missus
1795 531 1963 600 victorem
1979 533 2163 614 vulnerat,
2189 530 2274 600 inde

357 646 527 734 Pinguior
543 653 584 710 ut
600 640 659 706 frat
673 631 875 710 fertilitate,
903 627 1005 716 petit:
1402 625 1487 701 pugg
1504 654 1655 719 pugnm
1670 632 1762 700 vitae
1780 655 1855 722 „og
1874 657 1972 702 mora
1988 632 2094 722 longa
2110 631 2198 704 fug-t.-

303 748 389 837 Quo
406 753 606 814 benenunc
621 735 747 806 hausto
762 731 875 825 (quod
894 744 928 802 et
940 743 992 798 est
1005 726 1170 796 mirabile
1183 724 1298 821 dictu)
1350 723 1613 800 Commendans
1629 733 1784 802 animam
1801 737 1859 802 sed
1876 731 2038 820 Christo,
2062 735 2208 804 exordia
2225 733 2319 806 vitae

357 853 509 921 Gemma
523 839 686 914 salutaris
704 834 874 905 cordibus
888 831 973 898 iude
987 829 1101 898 veuit:
1401 829 1530 901 Hausit
1544 835 1702 906 coelestis
1720 859 1794 920 non
1809 837 1994 906 dubitante
2006 837 2089 910 fide.

303 951 401 1024 Haec
417 945 591 1020 tamenin
606 939 744 1028 magnis
759 931 964 1026 generosior
981 945 1056 1002 acta
1072 927 1249 1022 procellis,
1351 928 1417 1002 Est
1431 933 1568 1023 fragilis
1583 949 1707 1004 natura
1729 931 1938 1019 hominum,
1964 940 2023 1008 scd
2041 939 2190 1008 reddere
2208 941 2302 1009 vitae

356 1053 397 1124 Si
412 1051 519 1117 modo
536 1059 615 1138 post
628 1063 745 1112 rorem
760 1039 864 1108 turba
885 1048 1071 1125 sequatur,
1098 1032 1181 1102 erit:
1402 1033 1545 1104 (alaudia
1563 1037 1640 1108 vult
1653 1032 1817 1108 Christus
1835 1064 1906 1108 non
1922 1041 2095 1110 moritura
2114 1041 2195 1134 piis.

304 1155 418 1224 Parva
435 1144 670 1240 redemptoris
685 1143 735 1212 sic
750 1153 802 1210 est
814 1133 971 1206 Ecclesia
987 1129 1135 1218 Christi,

356 1255 480 1325 Donec
495 1253 534 1320 iu
550 1244 618 1318 hac
633 1243 761 1314 ruundi
779 1238 980 1308 colluvione
996 1236 1092 1308 latet.

305 1357 455 1450 Appetit
471 1379 490 1423 e
507 1336 605 1422 coelo
624 1345 807 1418 eoelestiae
822 1342 1005 1429 dogmata,
1028 1361 1159 1416 rorem,

357 1457 531 1546 Dogmata
546 1449 699 1520 viventis
716 1445 844 1516 tradita
862 1465 947 1512 voce
961 1436 1039 1511 Dei.
1353 1437 1522 1514 Nom.
1628 1519 1632 1530 ¹
2174 1478 2224 1520 sn.
2251 1457 2347 1532 1553.
2437 1517 2438 1528 ¹

306 1562 387 1632 Hoc
402 1561 452 1627 sic
466 1567 613 1628 attracto
629 1548 773 1620 sitiendi
788 1546 827 1616 in
842 1557 984 1637 pectore
1000 1565 1093 1626 rore,
1359 1535 1531 1566 Μ
2170 1546 2344 1581 φφ»

357 1660 525 1731 Nascitur
540 1656 649 1748 inque
662 1650 790 1719 animis
803 1671 884 1717 mox
904 1667 996 1714 nova
1013 1665 1149 1732 gemma
1168 1641 1247 1734 piis.
1421 1638 1502 1739 Appd
1517 1639 1645 1695 vineam.
1659 1656 1687 1710 p.
1700 1637 1761 1700 2⁴6.
1797 1638 1882 1700 eant.
1901 1641 1965 1698 vot.
1981 1640 2055 1700 vm,
2071 1664 2096 1718 μ
2111 1647 2172 1706 55,

309 1761 452 1836 Scilicet
467 1757 600 1850 agnitio
619 1777 702 1822 vero
717 1754 761 1820 de
778 1748 924 1819 nomine
942 1769 1057 1830 verae,
1851 1730 1864 1752 '

360 1862 522 1956 Cumque
535 1857 601 1930 Dei
616 1855 729 1944 surgit
743 1853 843 1920 firma
858 1847 986 1920 timore
1002 1847 1100 1916 fides.

308 1963 457 2037 Aeterni
474 1961 614 2034 bonitas
629 1972 715 2027 tunc
732 1957 771 2022 ht
783 1962 968 2042 conspecta
983 1947 1148 2038 parentis,

1354 1759 1602 1886 Epitaphtsun
1631 1797 1818 1888 seriptum
1852 1801 2041 1898 Georps'o
2075 1807 2243 1901 Prtnctpt
2269 1811 2349 1880 An-

1353 1894 1518 1978 haltino,
1546 1897 1763 1988 Praeposito
1771 1897 2137 2000 Mapdeburpemter
2149 1911 2348 2002 Mm,

362 2067 517 2155 Quando
535 2064 604 2130 lide
617 2070 739 2150 pectus
756 2053 862 2122 sentit
877 2053 997 2121 adesse
1014 2043 1140 2148 λόγον.
1184 2107 1185 2110 ,
1352 1994 1775 2174 ῗξὸἕιαθὲῗηῗῖωἶζὲι
1783 1998 1968 2180 ligurgo
1989 2003 2043 2080 ¹⁶·
2058 2009 2136 2081 θαι·
2151 2011 2266 2135 Deci).
2285 2036 2347 2089 ass.
2437 1995 2438 2006 ἵ

308 2170 406 2242 llaec
422 2171 602 2256 laxatque
619 2160 706 2227 fides
723 2157 818 2226 inter
837 2152 1028 2224 certamina
1044 2150 1179 2233 crescit,
1465 2147 1478 2190 ⁹
1851 2156 1865 2183 ·
1944 2110 2288 2248 ›mensam-dm
2308 2116 2348 2204 4,

339 2299 342 2306 ’
362 2269 453 2340 Cum
472 2265 560 2359 petit
573 2261 745 2332 auxilium
762 2258 914 2326 maxime
926 2250 1069 2324 Christe
1086 2251 1201 2322 tuum.
1771 2201 1852 2278 Μ’·
1875 2205 1933 2282 Μ’

310 2371 407 2442 Haec
424 2361 566 2464 quoque
582 2361 726 2434 contriti
741 2358 858 2429 cordis
874 2358 954 2427 data
970 2377 1107 2445 gemma
1122 2351 1252 2430 dolori,
1356 2351 1534 2445 Principis
1551 2348 1702 2438 Ascania
1712 2356 1791 2428 'nati
1808 2357 1852 2427 de
1866 2358 1975 2452 stirpe
1990 2359 2158 2453 Georgii,
2219 2445 2223 2456 Ι

366 2469 478 2544 Unica
494 2469 651 2539 solamen
668 2465 763 2556 quod
782 2460 976 2530 medicatur
984 2508 997 2544 ,
1024 2452 1143 2529 hebet.
1409 2453 1524 2542 Quem
1540 2455 1656 2525 cernis
1669 2459 1828 2528 tumulus
1846 2465 2027 2550 proximus
2043 2489 2128 2548 ossa,
2140 2471 2234 2560 tegit.

311 2573 471 2644 Praestat
488 2585 522 2641 et
537 2581 699 2640 aeternae
716 2561 898 2632 verissima
914 2559 1042 2650 gaudia
1058 2559 1165 2642 vitae,
1357 2555 1451 2626 Huic
1467 2557 1535 2624 luit
1548 2551 1722 2629 Ernestus
1737 2559 1896 2650 genitor,
1927 2563 1991 2655 qui
2007 2567 2103 2656 pacis
2117 2593 2235 2642 amore

367 2674 508 2746 Gaudia
525 2669 731 2764 quaenullo
746 2678 830 2735 sunt
850 2662 1023 2732 moritura
1038 2661 1108 2737 die,
1189 2719 1192 2722 .
1407 2655 1611 2729 Promeruit
1626 2663 1760 2750 patriae
1776 2663 1886 2733 totius
1899 2688 1972 2734 esse
1989 2681 2099 2758 pater.

312 2776 388 2848 Has
405 2789 549 2867 propter
561 2792 681 2840 carues
698 2768 742 2837 ad
758 2788 932 2857 gemmam
953 2764 1117 2853 dogmata
1133 2759 1239 2851 pacis,
1358 2756 1488 2828 Matris
1503 2771 1578 2829 crat
1593 2775 1705 2832 castae
1721 2761 2064 2857 Moustcrbergeusis
2079 2769 2198 2862 origo,

366 2879 481 2950 Filius
497 2873 631 2944 aeterni
647 2882 828 2959 comparet
843 2868 917 2959 ipse
935 2865 1010 2936 Dei.
1374 2910 1379 2922 ,
1411 2859 1556 2930 Sincera
1574 2863 1685 2932 coluit
1700 2887 1789 2958 quae
1803 2868 1931 2957 pietate
1947 2865 2076 2944 Deum.

313 2979 410 3071 Ergo
425 2978 529 3048 bonis
545 2973 674 3044 studiis
691 2974 816 3049 deeras,
843 2966 1068 3039 ornatissime
1081 2959 1213 3044 David,
1361 2956 1532 3032 Ascaniae
1548 2964 1661 3050 gentis
1678 2967 1790 3036 virtus
1806 2983 1859 3038 est
1873 2970 1967 3040 clara
1983 2969 2192 3065 triumphis,

367 3082 442 3170 Qui
459 3077 590 3147 Vatum
611 3075 737 3142 merito
755 3071 884 3158 dignus
901 3091 937 3136 es
952 3091 1014 3136 ore
1030 3065 1125 3133 caui:
1177 3151 1182 3165 .
1412 3058 1553 3133 Ordine
1568 3088 1657 3156 quos
1672 3079 1861 3138 numerant
1875 3073 1989 3142 secula
2007 3074 2109 3164 longa
2127 3094 2278 3169 patrum.

313 3181 406 3255 Cum
425 3197 484 3250 tua
499 3176 722 3266 Margaridos
736 3172 892 3240 coniunx
906 3167 1119 3261 pulcerrima
1134 3183 1277 3243 nomen,
1362 3164 1430 3235 Sed
1448 3165 1515 3236 suit
1532 3160 1616 3234 huic
1631 3169 1747 3238 fontes
1761 3171 1944 3242 doctrinae
1960 3175 2095 3248 discere
2109 3153 2214 3268 cura,

368 3281 503 3354 Omine
520 3292 590 3347 tam
606 3276 712 3345 rebus
730 3272 963 3342 conveniente
979 3279 1092 3357 gerat:
1414 3265 1531 3354 Quam
1548 3270 1651 3338 nobis
1669 3283 1794 3361 gnatus
1811 3275 1959 3344 tradidit
1972 3276 2047 3370 ipse
2062 3277 2143 3362 Dei.

318 3385 373 3457 Te
390 3389 488 3453 decet
508 3375 575 3446 hoc
591 3377 669 3468 ipso
684 3373 808 3444 laetari
824 3373 970 3440 nomine
985 3391 1148 3460 sponsae,
1362 3365 1440 3437 Hoc
1457 3369 1500 3436 ad
1519 3369 1694 3440 maiorum
1712 3375 1817 3443 decus
1830 3377 1969 3447 addidit
1984 3379 2115 3476 inclyta
2133 3381 2242 3470 lecta,

370 3486 477 3579 Quod
494 3493 617 3550 mouet
630 3492 670 3547 ut
684 3471 820 3546 Christi
836 3476 999 3563 dogmata
1017 3493 1157 3562 semper
1174 3489 1279 3538 ames.
1414 3467 1582 3539 Praebuit
1598 3488 1631 3542 et
1648 3475 1780 3564 patriae
1795 3482 1979 3548 commoda
1993 3504 2118 3570 magna
2134 3507 2229 3556 suas.

1363 3565 1495 3640 Esdras
1512 3593 1573 3639 seu
1587 3577 1766 3666 quondam
1784 3581 1916 3668 populo
1933 3582 1988 3650 ius
2004 3584 2113 3670 dixit,
2148 3601 2182 3659 et
2197 3589 2298 3668 idern

1416 3669 1594 3763 lnterpres
1609 3673 1752 3772 Solyma
1769 3679 1857 3768 legis
1872 3681 1910 3748 in
1927 3683 2015 3751 rsrhe
2030 3685 2109 3759 fuit.

320 3655 1311 3696 Μ

1142 3871 1311 3899 Μ

318 3797 386 3870 ΝΟ,
402 3795 500 3918 2:13
1096 3795 1102 3806 ·
1147 3803 1196 3847 ιιι.
1216 3783 1312 3848 1563.
1364 3772 1543 3864 Principis
1558 3771 1616 3844 hir
1631 3801 1762 3847 munus
1777 3781 1882 3850 simul
1899 3798 1933 3854 et
1951 3783 2105 3857 Pastoris
2119 3791 2248 3879 obivit,

1417 3875 1531 3966 lpsius
1546 3897 1698 3948 ruentem
1718 3882 1807 3952 rexit
1824 3899 1857 3952 et
1873 3909 1934 3954 ora
1950 3883 2057 3959 Deus.

424 3989 505 4062 Apud
526 3985 655 4042 vinesm.
675 4001 702 4055 p.
719 3982 766 4036 tot
783 3999 823 4052 sq.
1367 3975 1589 4070 lustilicaquc
1604 3982 1672 4050 lide
1687 3983 1827 4073 capiens
1842 3999 1901 4054 tua
1919 4012 2066 4060 siruuera
2081 3987 2240 4082 Christe,

375 4155 422 4222 Ia
445 4151 651 4242 imaginem
675 4134 866 4212 Mouriois‘
888 4139 1011 4208 Ducis
1031 4141 1126 4210 aaa.
1148 4139 1262 4224 Eleol·
1369 4078 2267 4286 vjilllideegelilirualghhtdithrdlllliriddd:vocavit,

420 4357 422 4360 .
603 4250 713 4332 (Mffl’
733 4250 763 4311 d*
782 4241 1035 4324 11⁸¹¹¹l⁶1⁵⁵3')
1115 4279 1121 4294 '
1230 4369 1233 4376 y
1418 4281 1634 4357 Numinibus
1651 4287 1742 4355 fictis
1758 4313 1858 4358 mens
1873 4291 2015 4366 inimica
2034 4296 2112 4370 suit,

325 4383 461 4460 Omnia
477 4399 561 4455 sunt
575 4380 761 4452 hominum
777 4377 874 4448 tenui
892 4378 1082 4467 pendentia
1099 4379 1169 4462 filo,
1365 4383 1439 4455 Nec
1455 4385 1625 4456 virtutum
1640 4391 1785 4458 umbras
1798 4385 1941 4479 habuit,
1967 4397 2026 4466 sed
2042 4413 2182 4488 pectora
2199 4409 2292 4482 mir

379 4487 424 4560 Et
441 4487 560 4557 subito
577 4508 659 4555 casu
676 4505 765 4576 quae
776 4481 918 4548 valuere
932 4494 1051 4552 ruunt.
1149 4529 1152 4536 ,
1270 4545 1272 4551 ,
1422 4482 1498 4574 lpse
1514 4483 1580 4558 Dei
1597 4489 1721 4559 vivens
1734 4493 1924 4566 assimilata
1942 4489 2067 4596 λόγος,

325 4589 372 4662 Ut
392 4591 483 4682 perit
500 4589 537 4657 in
556 4589 669 4678 primo
687 4583 824 4654 Pelides
841 4581 928 4649 llore
944 4581 1119 4664 iuventae,
1160 4659 1161 4662 Ἴ
1369 4585 1529 4659 Urbibus
1542 4591 1579 4658 in
1595 4592 1718 4660 multis
1735 4594 1847 4664 llarus
1861 4621 1949 4688 quas
1965 4600 2067 4670 alluit
2084 4595 2207 4691 Albis,
2437 4609 2438 4646 i

378 4687 535 4786 Pyrrhus
552 4702 585 4759 et
601 4685 668 4757 hoc
681 4688 758 4777 ipso
774 4687 818 4754 de
834 4683 991 4772 genitore
1005 4697 1112 4766 satus.
1419 4685 1465 4757 Er
1481 4715 1568 4783 qua,
1584 4693 1736 4762 coerulei
1751 4699 1917 4786 meleti,
1932 4703 2028 4773 unda
2045 4701 2160 4776 sabe·

268 4811 272 4826 ¹
300 4819 303 4823 ·
330 4790 381 4862 Ac
397 4793 502 4863 Asiae
518 4792 674 4860 domitor
695 4787 879 4859 Manedum
897 4785 940 4854 de
957 4785 1068 4878 stirpe
1084 4801 1230 4868 creatus,
1370 4789 1522 4880 Agmina
1538 4795 1680 4882 collegit
1694 4791 1876 4868 Christum
1893 4802 2129 4892 celebrantis,
2163 4833 2331 4906 epam„

380 4891 428 4963 Et
443 4895 503 4986 qui
519 4891 732 4983 Burguudas
749 4885 898 4957 Carolus
913 4889 1008 4958 auxit
1023 4911 1124 4980 opes:
1422 4891 1515 4964 Pura
1531 4893 1715 4984 Esangelii
1732 4900 1865 4970 ,emina
1881 4926 2054 4980 vocem&

325 4993 388 5068 Sic
404 4995 473 5062 iam
490 4995 703 5065 Mauricium
729 4989 881 5078 nimium
904 4990 1130 5082 properantia
1146 4987 1217 5062 lata
1253 4978 1257 4988 ’
1372 4993 1482 5064 Fidus
1497 5010 1531 5066 et
1548 4999 1652 5070 aetati
1668 5000 1823 5071 venienti
1840 5003 1936 5074 testis
1954 5019 1993 5076 ut
2009 5023 2117 5094 esset,
2437 4987 2438 5078 l

381 5095 554 5167 Saxoniae
573 5097 676 5168 terris
690 5091 852 5183 eripuere
867 5089 1016 5164 Ducem.
1130 5157 1133 5162 ,
1197 5185 1200 5192 Ι
1423 5095 1633 5188 Dechrisgo
1651 5103 1939 5194 patriagpubgoe
1956 5108 2211 5201 ,cripudgdit

330 5197 402 5288 Qui
422 5193 546 5266 Gallos
561 5199 768 5288 Turcosquc
785 5195 879 5264 feros
895 5196 1025 5264 virtute
1039 5193 1218 5284 repressit,
1372 5195 1442 5267 Hic
1457 5199 1564 5272 frater
1578 5201 1777 5297 lacrymans
1791 5201 1990 5280 loachimus
2005 5213 2167 5287 condidit
2182 5239 2257 5292 ossa

224 5313 229 5318 '
383 5297 535 5370 Militiae
553 5313 732 5392 praestans
747 5296 882 5366 artibus
897 5311 1000 5390 atque
1013 5309 1126 5384 togae.
1428 5299 1525 5372 Vivit
1538 5290 1729 5396 conspectu
1744 5329 1843 5376 mens
1858 5308 2060 5406 fruiturque
2076 5313 2157 5394 Dei.
2211 5299 2223 5317 ’
2265 5275 2277 5308 ’
