4866 5990
154 271 157 278 '
281 257 357 332 295

641 247 895 326 SCRIPTA
934 247 1007 323 AD
1042 239 1236 320 VlTAM
1270 243 1344 318 ΕΤ
1379 239 1617 318 OBITUM
1650 236 1953 324 musanell.
2247 233 2327 317 206

267 440 318 504 'et
332 425 503 514 illustris,
524 439 565 497 ut
577 449 667 519 opus
688 449 762 496 non
783 426 830 496 sit
848 425 1073 517 splendorem
1092 417 1279 498 Orationis
1330 417 1563 504 Germaniae,
1602 415 1679 488 lmo
1712 417 1839 487 mundi
1861 419 2001 512 potius,
2033 418 2073 487 in
2098 411 2166 488 hac
2191 407 2328 484 vicinia

283 530 471 617 adhibere,
497 525 594 626 (Hor
619 529 714 599 enirn
731 529 829 598 aliud
850 551 925 597 non
942 541 1050 614 esset,
1076 552 1182 621 quam
1202 525 1280 599 Soli
1333 535 1452 592 ortum
1478 543 1570 590 esse:
1615 518 1687 591 Sed
1712 519 1932 610 gratulemur
1956 519 2080 606 nobis,
2114 531 2151 590 et
2172 509 2331 598 Patriae,

282 638 406 706 lumen
423 631 591 728 addere),
603 635 678 724 ‚sed
704 643 842 703 tantum
855 630 1005 712 veritas,
1030 640 1063 701 et
1079 633 1174 702 bona
1194 631 1280 700 lides
1330 627 1428 719 quod
1444 623 1550 694 talem
1569 621 1704 707 civem,
1728 643 1804 694 non
1819 624 1927 694 uobis
1940 625 2068 708 modo,
2090 619 2331 691 verumetiam

285 763 379 810 ame
393 736 633 832 requirantur.
1331 727 1397 798 toti
1420 727 1501 796 orbi
1522 717 1749 811 Christiano,
1784 724 1885 796 euius
1908 725 2099 806 memoria,
2132 737 2168 794 et
2196 745 2332 792 monu-

1330 841 1460 914 menta,
1475 827 1608 908 vivent,
1623 823 1806 921 vigebunt,
1828 839 1863 898 et
1875 823 2056 900 florebunt
2069 827 2164 918 apud
2182 847 2331 896 omnem

388 934 555 1032 Optarim
570 951 704 1023 autem,
734 939 764 1009 si
781 939 828 1008 ita
846 939 922 1010 Deo
941 933 1029 1030 Opt.
1046 936 1143 1008 Max.
1162 937 1279 1006 risum
1309 946 1311 954 '
1331 932 1593 1024 posteritatem,
1620 929 1840 1020 produxerit.

286 1041 427 1128 luisset,
457 1055 497 1112 ut
516 1041 600 1110 vivo
620 1042 739 1131 potius
759 1039 804 1114 D.
827 1037 1016 1132 Philippo,
1046 1063 1142 1126 eam,
1172 1063 1280 1134 quam
1785 1103 1789 1117 ,

287 1143 400 1236 ipsius
417 1165 497 1234 erga
510 1141 719 1228 Ecclesiam,
744 1141 924 1234 Rempub.
941 1142 1153 1224 literariam,
1175 1155 1209 1213 et
1224 1161 1281 1210 me
1434 1127 1549 1205 Ortus
1584 1147 1636 1204 est
1667 1145 1786 1204 autem
1811 1127 2038 1226 parentibus,
2077 1129 2139 1224 qui
2170 1123 2325 1200 honesto

286 1245 453 1339 privatim
477 1245 648 1316 beneficia
673 1245 869 1336 postulant,
896 1243 1150 1335 gratitudinem
1175 1267 1279 1336 prae·
1332 1237 1427 1329 apud
1441 1259 1525 1307 suos
1539 1236 1746 1306 locofuere:
1770 1237 1861 1307 sicut
1878 1235 2075 1306 etiamnum
2090 1227 2199 1302 hodie
2213 1233 2327 1302 irater

287 1362 379 1420 stare
394 1349 606 1440 potuissem,
634 1371 740 1439 quam
757 1371 839 1437 erga
858 1348 931 1418 vita
947 1341 1012 1416 hac
1033 1348 1196 1417 iunctum
1212 1341 1281 1416 hoc
1332 1337 1444 1432 ipsius
1466 1332 1651 1432 Georgius
1673 1335 1952 1432 Θῴιυαιβιιθ
1978 1334 2054 1408 illic
2076 1331 2328 1425 Megiste-amm

287 1449 528 1544 qualicunque
557 1449 674 1518 officio
705 1449 866 1520 animum
898 1463 1061 1519 nostrum
1091 1449 1280 1522 declarare.
1332 1441 1433 1532 gerit.
1469 1440 1588 1512 Mater
1602 1441 1774 1532 sapientia
1790 1441 2000 1512 admiranda
2015 1439 2055 1507 in
2069 1450 2144 1510 tote
2159 1437 2223 1506 illa
2237 1435 2330 1505 vici-

287 1551 382 1621 Vere
408 1551 503 1620 enim
526 1551 701 1620 affirmare
721 1573 883 1643 possum,
919 1546 1013 1620 nihil
1037 1540 1126 1619 mrhr
1154 1576 1192 1619 m
1215 1545 1282 1620 hac
1333 1543 1393 1612 nia
1414 1543 1598 1629 excelluit,
1630 1544 1725 1615 clara
1747 1557 1780 1613 et
1804 1539 1954 1616 celebris
1975 1543 2054 1616 tuit
2106 1537 2177 1612 Sed
2202 1536 2247 1610 de
2272 1532 2331 1610 his

287 1653 361 1725 vita
377 1654 512 1724 tristius
528 1653 687 1723 accidere
702 1655 859 1746 potuisse
882 1650 950 1723 ho‘c
967 1654 1100 1724 nuncio
1120 1655 1164 1723 de
1180 1651 1282 1723 obitu
1334 1669 1409 1714 non
1426 1669 1516 1738 opus
1538 1659 1590 1715 est
1611 1646 1711 1736 plura
1727 1646 1872 1718 addere.
1921 1643 2013 1714 Nam
2036 1643 2067 1713 si
2090 1643 2243 1741 maxime
2260 1645 2328 1712 ob-

290 1756 384 1826 tanti
400 1755 489 1840 viri,
510 1779 582 1849 quo
598 1755 646 1826 ita
663 1771 907 1828 consternatus
924 1777 1014 1840 sum,
1040 1769 1079 1826 ut
1094 1781 1209 1850 neque
1225 1778 1283 1824 me
1333 1748 1447 1818 scuris
1472 1746 1576 1820 natus
1598 1763 1687 1820 esset
1710 1745 1932 1832 Maioribus,
1964 1759 2084 1816 tamen
2106 1744 2242 1816 virtute·
2261 1767 2327 1817 sua

288 1858 405 1948 ipsum
434 1857 618 1948 colligere,
650 1882 767 1953 neque
795 1859 955 1928 animum
979 1859 1024 1928 ad
1055 1859 1282 1948 cogitandum
1333 1852 1382 1924 ita
1405 1851 1477 1919 illis
1499 1852 1692 1942 praeluxit,
1724 1865 1765 1922 ut
1785 1850 1814 1920 si
1838 1852 1938 1944 prius
1963 1849 2043 1920 noti
2068 1871 2141 1917 non
2166 1847 2328 1934 fuissent,

288 1961 476 2032 instituere
490 1961 680 2051 potuerim.
733 1958 818 2030 ldeo
837 1961 976 2029 veniam
992 1955 1173 2030 mihidari
1190 1973 1284 2052 peto,
1334 1975 1405 2023 ase
1418 1952 1560 2022 initium
1574 1953 1768 2024 memoriae
1783 1976 1867 2023 suae
1882 1950 2098 2044 accepissent
2111 1947 2217 2044 (libet
2229 1950 2328 2018 enim

289 2062 321 2134 si
352 2063 588 2156 expectationi
614 2073 749 2131 vestrae
780 2085 856 2131 non
887 2063 1113 2156 responderit
1135 2058 1284 2148 Oratio,
1333 2055 1451 2125 verbis
1465 2052 1649 2125 Ciceronis
1665 2047 1735 2149 uti)
1755 2081 1795 2126 ac
1817 2056 1933 2127 multo
1950 2053 2059 2124 satius
2076 2067 2146 2136 εει,
2171 2054 2330 2146 propriis

289 2189 406 2258 neque
429 2163 639 2252 elegantiam
661 2175 696 2233 et
719 2165 965 2254 splendorem,
991 2188 1098 2258 quem
1114 2177 1283 2256 asperso.
1335 2157 1526 2228 virtutibus
1548 2158 1693 2244 llorere,
1726 2181 1835 2252 quam
1864 2159 2041 2228 maiorum
2070 2156 2262 2246 opinione,
2295 2169 2332 2228 et

289 2289 354 2346 na,
381 2268 426 2336 de
449 2289 519 2358 qua
541 2265 691 2350 dicitur,
713 2279 748 2336 et
770 2268 970 2358 argumenti
993 2269 1145 2358 gravitas
1163 2289 1204 2338 ae
1219 2291 1282 2337 va·
1334 2260 1550 2350 imaginibus
1566 2273 1705 2331 tantum
1726 2261 1811 2344 niti,
1843 2273 1877 2331 et
1893 2259 2043 2352 posteris
2059 2258 2204 2330 initium
2220 2259 2330 2330 uobi-

1333 2362 1443 2432 litatis
1459 2364 1637 2454 praebere,
1660 2387 1767 2456 quam
1781 2361 1928 2434 aliunde
1943 2374 2139 2453 acceptum,
2161 2360 2233 2430 vita
2250 2375 2331 2432 tur-

1334 2465 1426 2556 piter
1441 2481 1534 2545 acta,
1560 2466 1722 2534 tenebras
1735 2465 1933 2539 offundere.
1980 2461 2072 2534 Cum
2089 2463 2196 2554 igitur
2210 2463 2328 2533 factal-

1335 2579 1421 2637 tates
1436 2567 1508 2636 illis
1522 2568 1717 2637 mediocres
1732 2579 1858 2652 essent,
1879 2563 2027 2640 honeste
2042 2566 2157 2651 etiam,
2182 2577 2216 2636 et
2230 2566 2326 2636 libe-

1333 2669 1455 2739 raliter
1467 2669 1581 2738 lilium
1596 2670 1738 2740 educari
1753 2679 1978 2753 curaverunt,
2004 2672 2096 2762 etad
2110 2668 2225 2739 studia
2238 2668 2328 2740 lite-

1332 2793 1454 2840 rarum
1469 2765 1731 2858 adhibuerunt,
1757 2797 1909 2866 quarum
1932 2770 2135 2844 rudimenta
2152 2771 2271 2863 prima
2288 2773 2329 2841 in

1333 2873 1447 2965 patria
1462 2875 1539 2942 sine
1556 2875 1703 2965 negocio
1721 2876 1867 2960 didicit,
1889 2890 1930 2947 ut
1951 2893 2075 2956 omnes
2091 2893 2190 2966 spem
2213 2875 2329 2944 maxi·

1331 2999 1425 3046 mam
1448 2977 1493 3045 de
1513 2976 1591 3068 ipso
1617 2977 1855 3068 conciperent.
1907 2968 2009 3050 Nihil
2032 2977 2128 3046 enim
2146 2977 2328 3048 mediocre

1332 3077 1516 3169 ingenium
1535 3079 1638 3172 pueri
1657 3081 1902 3172 pollicebatur.

289 2367 397 2440 rietes
412 2366 579 2461 requirit,
603 2361 803 2439 adhibeam.

391 2571 474 2642 Non
487 2573 671 2644 instituam
687 2586 805 2642 autem
822 2571 1041 2643 Graecorum
1059 2597 1159 2642 more
1173 2596 1283 2664 pane-

290 2673 446 2769 gyricam
462 2673 723 2762 laudationem,
750 2677 811 2744 sed
826 2687 971 2767 propter
989 2673 1151 2746 leniores
1170 2671 1283 2745 histo-

289 2777 377 2846 riam
402 2776 494 2848 vitae
518 2778 673 2849 breviter
694 2777 852 2849 recitabo
873 2777 969 2848 etde
991 2779 1135 2863 studiis,
1162 2779 1283 2848 erudi-

283 2879 407 2971 tione,
432 2894 466 2952 ει
486 2881 625 2975 scriptis
647 2883 782 2966 dicam,
810 2903 917 2973 pauca
936 2883 1109 2973 quaedam
1127 2883 1171 2949 de
1188 2881 1282 2950 mul-

284 2982 335 3072 tis
356 2983 553 3080 attingens,
580 2998 614 3054 et
636 2984 738 3076 quasi
761 2985 887 3075 procul
905 2985 1111 3052 ostendens:
1140 2981 1282 3072 Quibus

266 3121 270 3124 ·
290 3084 422 3184 deinde
446 3086 622 3156 nonnulla
639 3089 684 3154 de
701 3085 884 3156 doctrinae
904 3100 1052 3174 genere,
1079 3087 1174 3178 quod
1196 3107 1281 3176 pro-

288 3187 401 3256 fessus
417 3202 487 3272 est,
511 3187 719 3270 subiiciam,
743 3199 783 3256 ut
799 3187 1007 3256 memoriam
1029 3187 1141 3278 ipsius
1164 3183 1282 3256 hono-

288 3286 385 3355 rilice
399 3311 666 3372 conservemus,
692 3301 726 3357 et
744 3309 868 3357 omnes
888 3289 1089 3378 intelligant
1103 3302 1221 3380 grata,
1247 3305 1282 3360 et

185 3415 187 3420 s
289 3387 442 3458 iucunda
458 3389 564 3460 nobis
579 3389 689 3481 ipsius
702 3389 810 3462 luisse
827 3390 954 3462 officia.
1008 3392 1061 3462 Ac
1076 3415 1178 3483 spero
1196 3387 1281 3460 haec

290 3489 513 3562 auditoribus
534 3492 612 3562 fore
629 3492 749 3562 utilia:
772 3493 864 3563 Nam
884 3503 919 3563 et
933 3495 977 3562 de
990 3493 1153 3564 doctrina
1168 3494 1280 3564 multa

289 3583 458 3680 moiient,
480 3607 515 3665 et
538 3596 697 3687 exempla
721 3595 812 3666 vitae
833 3595 986 3666 illustria
1011 3599 1196 3681 omnibus,
1222 3597 1281 3664 in-

1431 3281 1572 3353 Deinde
1585 3307 1670 3354 vero
1684 3286 1728 3354 ad
1743 3299 1881 3377 portam
1890 3282 2094 3370 Heremias,
2119 3284 2179 3355 cui
2191 3307 2326 3356 nomen

1331 3398 1383 3454 est
1396 3384 1603 3476 viotbbelm,
1630 3389 1877 3478 aparentibus
1899 3401 1950 3459 est
1970 3389 2116 3473 missus,
2141 3388 2205 3458 ubi
2229 3391 2325 3482 apud

1329 3511 1488 3558 sororem
1507 3478 1719 3586 Capniom‘s
1735 3505 1919 3582 cognatam
1941 3491 2048 3575 vixit,
2080 3501 2116 3560 et
2137 3489 2214 3560 illic
2228 3493 2325 3582 apud

1331 3588 1526 3680 Georgium
1542 3586 1762 3680 Simlerum,
1787 3595 1850 3688 qui
1863 3605 1984 3686 postea
2002 3586 2061 3663 hic
2084 3591 2242 3683 primum
2257 3595 2325 3664 bo-

1330 3715 1393 3762 nas
1415 3707 1525 3775 artes,
1551 3696 1681 3765 deinde
1702 3709 1737 3766 et
1754 3693 1834 3766 lura
1859 3697 2039 3789 professus
2062 3708 2130 3780 est,
2157 3717 2198 3765 ac
2215 3693 2322 3766 loan-

831 3885 833 3890 ,
1330 3819 1412 3864 nem
1437 3790 1761 3894 Hildepraudum,
1792 3801 1889 3870 viros
1912 3797 2191 3883 eruditissimos,
2221 3796 2322 3869 Lati-

389 3899 439 3974 Et
454 3913 495 3972 ut
516 3902 639 3984 initio,
665 3926 765 3972 more
786 3903 892 3974 solito
912 3905 1086 3997 quaedam
1101 3903 1146 3971 de
1167 3901 1279 3994 patria
1330 3922 1396 3968 nae
1414 3912 1451 3987 ,et
1469 3897 1626 3972 Graecae
1647 3899 1792 3992 linguae
1810 3900 1973 3974 exercitia
1991 3895 2133 3985 habuit,
2156 3901 2254 3994 quod
2276 3904 2323 3972 ad

288 4003 417 4074 dicam.
474 4002 589 4075 Natus
626 4018 679 4075 est
712 4003 758 4076 D.
788 3997 989 4102 Philippus
1014 4005 1053 4073 in
1078 4002 1280 4075 Palatinam
1329 4025 1395 4072 nos
1409 4002 1483 4094 ipse
1499 4025 1594 4074 anno
1609 4005 1785 4096 superiori
1803 4001 1951 4080 Calend.
1967 4001 2059 4075 Maii
2072 3997 2217 4095 scripsit.

286 4107 332 4174 ad
368 4100 559 4190 Rhenum,
609 4100 757 4198 Oppido
796 4105 938 4194 Bretta,
986 4103 1094 4177 Anno
1127 4107 1279 4178 Domini

287 4203 639 4277 MCCCGXCVll.
662 4209 812 4278 minutis
830 4228 890 4278 sex
914 4223 999 4303 post
1020 4204 1146 4278 horam
1168 4209 1279 4299 septi·
1431 4206 1521 4279 l'nde
1542 4207 1814 4301 Heidelbergam
1848 4211 1894 4279 ad
1914 4208 2068 4280 vicinam
2092 4201 2323 4278 Academiam

285 4331 381 4378 mam
413 4307 713 4398 pomeridianam,
744 4312 804 4382 die
828 4313 1057 4382 decimasexta
1080 4307 1277 4381 Februarii.
1327 4311 1438 4381 esuis
1461 4324 1513 4382 est
1538 4312 1728 4400 ablegatus.
1778 4309 1972 4383 Florebant
1993 4311 2090 4382 enim
2106 4305 2182 4404 illic
2202 4312 2322 4381 studia

286 4411 403 4482 Locus
429 4409 626 4482 nativitatis
650 4435 725 4481 non
751 4416 877 4505 procul
908 4410 994 4484 hinc
1021 4415 1146 4499 distat,
1180 4415 1276 4506 quod
1326 4411 1531 4496 literarum,
1562 4427 1602 4484 ut
1625 4414 1686 4484 illa
1715 4414 1876 4484 ferebant
1898 4427 2058 4507 tempora
2082 4413 2322 4485 mediocriter.

286 4515 398 4600 scitis,
424 4527 465 4586 ut
484 4514 591 4584 nobis
612 4515 719 4588 etiam
737 4540 817 4586 eum
835 4519 1022 4587 vendicare
1039 4539 1140 4606 posse
1156 4516 1277 4585 videa·
1326 4511 1399 4586 Ubi
1414 4529 1450 4587 et
1466 4516 1617 4609 primam
1633 4517 1789 4587 lauream
1807 4529 1857 4587 est
1873 4530 2093 4589 consecutus.

176 4669 177 4672 ,
285 4641 384 4702 mur,
411 4615 613 4707 praesertim
630 4641 710 4687 cum
726 4632 846 4710 postea
869 4615 928 4688 hie
942 4619 1087 4702 vixerit,
1111 4618 1277 4690 didicerit
2178 4709 2180 4712 Ι

286 4731 320 4789 ει
343 4719 524 4800 docuerit,
556 4719 600 4788 de
631 4743 703 4814 quo
733 4722 960 4814 paulopost.
1019 4720 1159 4793 Scimus
1187 4719 1274 4790 olim
1427 4720 1552 4792 Postea
1573 4721 1721 4790 consilio
1741 4717 1936 4792 Reuchlini
1956 4722 2113 4812 cognati,
2146 4722 2317 4816 quicum
2422 4733 2423 4748 ¹

283 4819 412 4892 multas
429 4819 599 4892 Graeciae
621 4822 779 4893 civitates
796 4821 1014 4894 dellomero
1036 4835 1178 4892 mortuo
1194 4847 1274 4892 cer·
1323 4845 1398 4893 non
1414 4823 1485 4892 nisi
1506 4821 1572 4890 filii
1595 4825 1741 4892 nomine
1762 4825 2026 4917 appellavit,'et
2043 4823 2188 4896 Simleri
2213 4845 2319 4915 prae-

284 4936 390 5007 tasse,
432 4925 580 5015 singulis
606 4925 719 4995 civem
746 4949 870 5010 suum,
909 4927 1058 5016 etapud
1086 4937 1271 5022 senatum
1323 4925 1475 5016 ceptoris
1497 4921 1702 5018 Tubingam
1721 4928 1830 5002 venit.
1891 4927 1977 4999 Fuit
1998 4940 2115 4998 autem
2130 4919 2317 4997 Reuchli-

282 5024 421 5116 maguis
442 5027 734 5099 contentionibus
755 5028 1009 5098 asserentibus:
1036 5029 1131 5120 quod
1158 5028 1273 5119 pluri·
1322 5049 1413 5114 uus,
1447 5041 1487 5098 ut
1507 5021 1574 5096 hoc
1592 5051 1734 5122 quoquc
1757 5031 1877 5102 obiter
1900 5032 2047 5114 addam,
2081 5053 2161 5100 cum
2184 5029 2223 5098 in
2246 5025 2316 5102 bac

281 5151 380 5199 mum
397 5127 512 5198 laudis
529 5123 614 5200 hinc
627 5129 768 5200 Patriae
783 5153 866 5200 suae
882 5133 1046 5200 accedere
1061 5130 1272 5216 iudicarent,
1320 5125 1451 5200 Schola
1465 5127 1665 5200 Hebraeam
1679 5131 1838 5221 linguam
1855 5133 1901 5203 sit
1917 5129 2113 5223 protessus,
2136 5146 2170 5203 et
2187 5133 2227 5200 iu
2245 5127 2315 5204 hoc

281 5233 405 5312 talem,
440 5242 475 5300 et
496 5243 634 5301 tantum
655 5233 775 5304 virum
799 5233 838 5302 in
866 5257 929 5303 sua
951 5233 1093 5304 civitate
1117 5233 1156 5300 in
1179 5229 1271 5304 hanc
1320 5233 1448 5304 ducatu
1476 5246 1656 5319 mortuus,
1683 5235 1820 5325 primus
1844 5235 1907 5328 qui
1929 5234 2087 5306 studium
2102 5231 2262 5304 Graecae
2277 5249 2313 5305 et

173 5295 210 5442 L
279 5334 395 5404 lucem
411 5331 569 5404 aeditum
593 5355 678 5405 esse.
731 5333 804 5406 Nec
825 5359 891 5406 nos
913 5337 1024 5427 igitur
1040 5335 1077 5404 in
1094 5350 1269 5426 postrema
1319 5331 1502 5405 Hebraeae
1515 5335 1657 5425 linguae
1671 5336 1710 5405 in
1726 5333 1920 5408 Germania
1936 5337 2109 5408 excitavit.
2160 5333 2312 5407 Etcum
2422 5411 2423 5416 ,

229 5509 238 5536 ⁸
278 5435 498 5523 foelicitatis,
534 5448 569 5507 et
595 5435 712 5508 laudis
734 5451 835 5530 parte
858 5460 1031 5531 ponemus
1055 5439 1176 5510 lumen
1201 5433 1270 5510 hoc
1317 5433 1474 5509 Romam
1488 5462 1507 5510 a
1523 5433 1692 5532 Philippo
1706 5435 1869 5511 Palatino
1886 5441 1925 5512 in
1950 5439 2098 5532 negocio
2117 5440 2162 5511 de
2180 5439 2311 5511 coniu-

288 3697 414 3788 primis
432 3721 514 3768 vero
532 3698 718 3784 studiosis,
742 3698 844 3768 utilia
860 3697 1057 3772 continent.
