4896 5974
303 279 380 362 σω
756 279 760 286 =
1051 229 1382 320 canuruuu
1430 229 1543 308 nm.
1568 228 1599 308 1.
2080 173 2082 176 ’
2261 211 2344 290 soa

306 453 377 528 Hie
394 447 471 520 vidi
488 441 613 517 Musas
627 458 693 530 pro
707 425 877 504 Carmine
891 434 1009 494 texere
1021 430 1114 490 serta
1154 433 1158 444 ’

354 549 519 628 Praemia
531 539 660 615 victori
674 535 782 624 digna
795 519 974 599 Ioachime
988 519 1069 594 tibi.
1272 515 1274 520 ’

307 657 379 732 Hic
393 653 470 724 vidi
487 651 596 719 laetas
610 643 740 735 plausu
752 631 927 721 vultuque
940 621 1084 694 canenti
1111 709 1113 716 Α
1149 719 1156 731 ⁸

359 754 512 853 Myrillo
528 744 666 820 Aonias
680 759 784 828 saepe
797 734 916 802 favere
930 725 1036 797 Deas.
1101 753 1103 758 ·

311 857 567 946 Socraticisque
581 846 669 918 iocis
683 837 744 912 hic
758 833 891 908 Micale
908 828 997 900 seria
1013 823 1150 904 condis,

361 958 621 1048 Exacuuntque
635 946 725 1018 sales
739 951 882 1033 pectora
897 944 1018 1001 nostra
1033 927 1099 996 tui.

313 1069 373 1143 Sic
387 1067 482 1136 fama
495 1069 552 1128 est
564 1052 691 1124 lusisse
705 1064 838 1123 senem,
864 1058 946 1106 cum
960 1033 1052 1102 forte
1063 1027 1131 1098 sub
1139 1025 1304 1098 umbram

362 1166 547 1242 Defessum
561 1149 697 1250 platani
711 1141 875 1216 Phaedre
889 1148 1028 1207 secutus
1046 1151 1134 1200 eras.

312 1273 383 1346 Hic
397 1284 459 1340 tua
475 1261 643 1336 convivas
657 1245 824 1322 facundia
840 1239 993 1331 Caspare
1007 1233 1131 1326 pascit,

363 1373 448 1445 Diis
464 1366 551 1459 ipsis
566 1349 711 1448 etiam¹)
724 1361 865 1420 nectare
879 1354 977 1432 grata
992 1337 1115 1425 magis.

311 1475 406 1550 Cum
422 1469 603 1541 celebrent
618 1455 764 1529 hortum
778 1458 987 1518 vernantem
1002 1439 1088 1512 talia
1105 1433 1228 1514 lonae,

274 1603 278 1614 ·
362 1572 506 1666 Lipsica
520 1564 609 1661 quid
625 1560 750 1632 laudas
766 1549 911 1646 praedia
927 1543 1046 1617 Rusce
1061 1533 1177 1610 mihi?

602 1720 1310 1766 .....----—-—-------·-·-··

326 1759 597 1786 Μή

330 1885 400 1958 Νο.
418 1875 488 1951 59..

326 1975 499 2012 w

388 2091 420 2146 ln
440 2087 541 2153 farrag.
552 2073 675 2136 Secarii3
698 2070 728 2124 in
749 2081 814 2135 opp.
826 2061 890 2116 Bas.
907 2057 941 2114 T.
953 2059 988 2114 V.
1007 2075 1033 2127 p.
1047 2053 1107 2112 ⁸⁵2.
1143 2048 1227 2124 Apud
1241 2045 1315 2101 Vin.

422 2162 494 2214 cent.
513 2172 540 2224 p.
558 2147 617 2204 107.

687 2295 748 2371 Ad
772 2297 949 2365 Pinum.

323 2457 416 2532 Cum
434 2467 527 2520 nova
542 2435 688 2529 coepisti
702 2442 888 2502 contexere
903 2419 1059 2492 carmina
1072 2413 1175 2496 Pina,

375 2552 468 2644 Quis
483 2540 594 2628 mihi,
618 2533 785 2609 Phoebus
801 2529 869 2611 ait,
893 2522 1028 2597 Marsia
1041 2540 1124 2588 rure
1139 2510 1282 2605 strepit!

324 2657 432 2732 Anne
447 2653 576 2722 iterum
592 2641 721 2713 stultus
737 2645 838 2705 vocat
854 2630 894 2697 in
911 2622 1104 2696 certamina
1118 2613 1258 2691 Divos?

376 2751 549 2848 Quisquis
564 2749 628 2831 es‚'
643 2731 746 2813 exuta
762 2755 875 2829 poena
891 2727 1024 2800 luenda
1039 2736 1118 2794 cute
1134 2733 1198 2794 est.

328 2903 1313 2971 Μ

1050 3037 1129 3118 (fere
1145 3056 1194 3099 en.
1212 3029 1321 3109 1525.)

398 3264 430 3317 ln
431 3260 547 3394 eihing
562 3254 654 3376 pppeu
673 3247 741 3302 etin
755 3259 819 3314 opp.
833 3237 897 3292 Bu.
914 3233 949 3291 T.
958 3232 993 3288 V.
1013 3251 1042 3303 p.
1056 3196 1118 3287 852.
1154 3225 1235 3298 Apud
1249 3223 1323 3280 Vin.

695 3471 756 3546 Ad
787 3477 957 3544 Ionum.

381 3626 539 3700 Coenam
553 3611 731 3704 negligere
747 3620 798 3678 est
812 3601 1021 3697 piaculare,

382 3729 454 3802 Sed
469 3721 608 3819 qualem
624 3717 709 3785 dare
722 3706 867 3800 Apitius
882 3703 1028 3774 solebat.

383 3831 522 3900 Verum
536 3843 603 3892 nos
617 3833 761 3890 tenuem
777 3811 884 3879 modo
900 3823 1078 3898 paramus,

384 3932 538 4022 Qualem
553 3923 610 3992 vel
626 3917 768 3992 Samius
784 3934 891 3982 senex
908 3907 1081 4000 pobasset,

386 4033 544 4105 Graecos
559 4025 621 4094 ille
636 4019 786 4090 docebat
802 4012 947 4083 esurire.

386 4131 423 4204 Ο
440 4155 516 4202 non
530 4122 723 4212 Theologis
740 4119 876 4187 bonum
896 4109 1112 4199 magistrum.

386 4235 495 4307 Haud
502 4225 543 4325 ³)
562 4230 607 4298 ad
624 4225 693 4295 tale
710 4243 772 4310 ego
790 4213 981 4308 prandium
997 4206 1122 4277 vocavi

386 4337 544 4408 Francae
560 4328 696 4400 lumina
711 4321 824 4413 gentis
839 4313 909 4390 huc
923 4333 1091 4383 vocamus

389 4438 448 4512 Ad
463 4449 585 4518 notos,
612 4443 816 4516 veteresque
832 4434 866 4492 te
880 4415 1032 4498 sodales,

389 4543 508 4636 Atque
524 4521 592 4607 hac
606 4533 681 4622 lege
697 4525 819 4596 venire
831 4538 866 4595 te
881 4521 1057 4598 iubemus,

389 4645 430 4718 si
448 4666 523 4712 non
536 4636 622 4708 haec
635 4631 703 4703 tibi
719 4651 821 4723 parca
834 4647 956 4694 mensa
976 4619 1106 4689 sordet.

341 4803 1333 4852 W

354 4953 421 5023 No.
436 4949 498 5020 61.

350 5043 519 5076 Μ

414 5149 446 5202 ln
465 5146 565 5267 faqmg·
578 5141 671 5264 mer.
689 5149 716 5192 et
727 5137 756 5192 in
772 5153 837 5206 opp.
850 5133 912 5188 Bas.
929 5129 963 5188 T.
973 5127 1007 5184 V.
1028 5143 1056 5196 p.
1070 5119 1132 5180 858.
1166 5124 1248 5196 Apud
1267 5117 1334 5172 Vin-

447 5234 519 5273 cen.
537 5229 568 5284 p.

1069 5019 1329 5056 w

348 5326 555 5350 ‘flu-“⁶⁸“

384 5398 412 5458 1)
432 5389 491 5442 llas.
504 5384 571 5438 Diis
588 5379 676 5433 etiam
691 5387 731 5430 est
745 5378 820 5441 ipsis.

381 5476 414 5543 ¹⁸¹)
433 5470 533 5534 Haud]
550 5462 632 5520 Basil.
645 5461 719 5514 Huc«

1065 4929 1144 5006 (aaa
1157 4947 1205 4988 sn.
1223 4922 1335 5002 1525.)

1717 395 1777 474 Aa
1807 401 1981 472 tonans

1350 557 1514 632 Scribere
1537 580 1596 627 me
1623 567 1763 628 tantum
1793 547 1901 624 Grato
1925 545 2057 619 blanda
2080 537 2350 638 Epigrammata

1884 650 1987 722 iussit

1401 759 1573 854 Cecropio
1589 782 1680 856 quae
1693 759 1766 830 sint
1781 752 1900 826 dulcia
1918 751 2022 823 melle
2037 747 2150 840 magis
2158 739 2211 845 ⁰).

1353 861 1531 956 Qualibus
1546 877 1607 934 aut
1623 878 1782 936 teneram
1799 855 1940 928 iuvenis
1955 851 2152 948 permulcet
2168 849 2334 936 amicam,

1404 964 1479 1038 Aut
1495 991 1605 1060 puero
1621 967 1666 1036 ad
1681 985 1790 1034 cunas
1806 959 1926 1054 qualia
1943 967 2059 1030 cantat
2075 975 2178 1024 anus.
2216 985 2226 990 -

1355 1061 1485 1158 Qualia
1498 1069 1555 1138 vel
1570 1069 1668 1139 fatuo
1683 1065 1807 1136 vendit
1823 1055 1970 1132 Gnatho
1988 1057 2082 1128 dicta
2096 1049 2294 1142 Thrasoni,

1404 1169 1448 1242 In
1463 1195 1567 1242 scena
1583 1171 1696 1241 risum
1712 1192 1794 1238 curn
1808 1164 1877 1235 ciet
1893 1177 1998 1256 atque
2013 1160 2124 1230 iocos.

1356 1269 1405 1345 Et
1419 1274 1534 1345 vetuit
1547 1274 1619 1343 sale
1636 1295 1698 1342 seu
1713 1267 1872 1343 mordaci
1886 1266 2021 1355 tingere
2037 1275 2146 1345 aceto,

1407 1375 1551 1446 Lecturi
1566 1365 1709 1447 irritent
1725 1395 1814 1468 quae
1828 1369 2049 1460 illiciantque
2065 1363 2195 1454 gulam.

1359 1473 1506 1570 Optime
1521 1474 1609 1548 lona
1625 1477 1725 1570 cupis
1741 1496 1881 1544 causam
1897 1490 2126 1562 cognoscere,
2152 1461 2252 1534 nulla
2267 1475 2320 1534 est

1411 1579 1513 1652 Illius
1529 1581 1569 1652 in
1583 1594 1657 1651 toto
1675 1600 1822 1672 corpore
1838 1573 1930 1643 mica
1948 1571 2045 1642 salis.

2087 1913 2167 1995 (fers
2181 1934 2229 1980 an.
2246 1907 2352 1985 15²5.)

2087 2004 2345 2043 w

1434 2141 1465 2195 ln
1488 2141 1585 2210 farrag.
1598 2135 1688 2192 Sacer.
1707 2141 1735 2188 et
1753 2132 1781 2186 in
1798 2149 1863 2205 opp.
1876 2130 1939 2187 Bas.
1955 2127 1989 2182 T.
1999 2125 2032 2184 V.
2052 2145 2081 2200 p.
2093 2125 2154 2182 ³52
2190 2123 2270 2196 Apud
2287 2120 2354 2176 Vin-

1467 2218 1540 2266 ccnt.
1558 2227 1584 2280 p.
1599 2206 1657 2260 11⁰.

1655 2361 1714 2434 Ad
1744 2361 2068 2454 Spoletinum.

1467 2519 1607 2592 Nostris
1622 2515 1762 2590 Cordus
1778 2515 1818 2583 in
1834 2514 1982 2585 aedibus
1996 2509 2106 2598 Poeta
2220 2585 2223 2590 ,

1468 2621 1665 2693 Prandebit
1676 2621 1803 2702 modo,
1829 2616 1962 2706 gratius
1978 2615 2038 2684 sed
2055 2612 2113 2682 illi

1468 2723 1549 2797 Hoc
1565 2723 1727 2794 existimo
1743 2719 1932 2812 prandium
1947 2718 2108 2788 futurum

1470 2828 1511 2900 si
1525 2841 1566 2898 tu
1582 2838 1748 2920 pervetus
1760 2821 1946 2914 utriusque
1962 2818 2109 2898 amicus,

1471 2928 1583 3002 Cordi
1600 2928 1733 2998 scilicet
1749 2939 1784 2996 et
1797 2925 1850 2995 tui
1867 2919 2038 3014 Philippi,
2072 2976 2081 2986 ,

1472 3029 1634 3103 Conviva
1649 3027 1822 3108 adfueris,
1846 3039 1978 3097 vocant
1993 3022 2132 3092 sodales

1446 3131 1448 3136 ’
1472 3133 1546 3221 Te,
1570 3131 1733 3228 quamvis
1747 3125 2235 3222 humilesquetpauperesqne

1474 3232 1524 3308 At
1541 3259 1694 3329 quorum
1710 3232 1777 3303 tibi
1793 3230 1926 3302 candor
1943 3242 1995 3299 est
2007 3227 2177 3320 probatus

1474 3337 1556 3409 Non
1572 3361 1687 3429 nuper
1702 3333 1885 3429 Spalatine
1900 3330 2142 3422 cognitusque.

1476 3437 1616 3511 Codrus
1631 3437 1782 3508 forsitan
1799 3458 1873 3504 esse
1888 3429 2005 3504 Corde
2020 3453 2158 3522 posses,

1476 3541 1554 3614 lrus
1569 3541 1717 3612 forsitan
1733 3553 1768 3609 et
1782 3534 1971 3628 Philippus
1988 3557 2063 3604 csse

1474 3645 1617 3730 Posset,
1640 3645 1701 3713 sed
1716 3641 1837 3712 faciles
1852 3651 2042 3732 utrumque
2057 3631 2184 3706 Musae

1477 3745 1694 3828 secernunt,
1719 3743 1849 3816 stolido
1865 3741 2095 3833 eximuntque
2109 3733 2229 3822 vulgo.

2127 3932 2360 3953 W

1379 4078 1523 4204 Q
1614 4033 1616 4036 ⁵
2095 4070 2176 4152 (a...
2190 4089 2240 4132 n..
2259 4063 2359 4144 uas.)

2105 4165 2360 4196 m

1449 4281 1479 4336 ln
1494 4296 1557 4350 opp.
1569 4273 1650 4331 Breil.
1669 4272 1701 4330 T.
1714 4272 1747 4328 V.
1766 4292 1793 4355 p.
1805 4270 1866 4326 858.
1881 4279 1908 4326 et
1922 4271 1992 4342 apud
2008 4269 2090 4332 Vinc.
2108 4271 2205 4346 pm.
2223 4301 2257 4316 -·
2291 4268 2359 4321 Mor·

1481 4355 1590 4472 turrasopt¹
1600 4345 1851 4415 Longicamptanns
1865 4341 1892 4398 d.
1908 4342 1934 4399 t.
1947 4339 2000 4395 lul.
2014 4341 2090 4396 1526.
2128 4341 2190 4398 Vid.
2203 4359 2265 4415 epp.
2278 4337 2333 4390 Vol.
2342 4333 2361 4390 l.

1481 4436 1508 4490 p.
1573 4453 1581 4471 .
2074 4453 2077 4460 .

1662 4573 2082 4669 Loapicomptaoo.

1382 4729 1502 4804 Aurea
1518 4730 1604 4800 dent
1619 4727 1682 4796 alii
1695 4737 1926 4798 monumenta
1941 4721 2153 4820 Epyreaque
2169 4749 2264 4811 vasa,

1433 4831 1666 4905 Saturnalitio
1682 4829 1796 4900 X'enia
1811 4841 1908 4920 grata
1923 4824 2012 4900 Deo.

1381 4937 1458 5008 ¹Nos
1474 4936 1627 5004 calamos
1641 4935 1776 5016 damus,
1801 4929 1966 5020 exiguum
1980 4929 2048 5000 tibi
2064 4953 2210 5016 munus,
2234 4925 2366 5008 habere,

1436 5036 1512 5108 Has
1527 5038 1619 5106 solas
1635 5035 1739 5105 nobis
1756 5057 1830 5104 esse
1847 5032 1988 5124 putabis
2002 5055 2098 5125 opes.

1387 5142 1442 5214 Sit
1456 5141 1564 5209 modo
1581 5139 1748 5208 donantis
1762 5145 1862 5203 mens
1878 5136 2049 5220 candida,
2074 5157 2177 5228 saepe
2190 5133 2303 5206 redire

1358 5257 1363 5385 p
1443 5239 1596 5322 Munere
1610 5263 1675 5332 pro
1691 5261 1800 5331 parvo
1818 5237 1928 5328 gratia
1945 5258 2072 5328 magna
2089 5237 2191 5336 solet.

1387 5381 1593 5396 *flu—-

1361 5465 1364 5488 ¹
1422 5445 1453 5516 *l
1471 5443 1578 5513 Nagia]
1590 5441 1653 5499 Bra.
1664 5451 1692 5498 et
1702 5440 1763 5498 Set·
1774 5437 1854 5494 maet‘e.
