<?xml version="1.0" encoding="UTF-8"?>
<!DOCTYPE html PUBLIC "-//W3C//DTD XHTML 1.0 Transitional//EN"
    "http://www.w3.org/TR/xhtml1/DTD/xhtml1-transitional.dtd">
<html xmlns="http://www.w3.org/1999/xhtml" xml:lang="en" lang="en">
 <head>
  <title>
</title>
<meta http-equiv="Content-Type" content="text/html;charset=utf-8" />
  <meta name='ocr-system' content='tesseract 3.04.00' />
  <meta name='ocr-capabilities' content='ocr_page ocr_carea ocr_par ocr_line ocrx_word'/>
</head>
<body>
  <div class='ocr_page' id='page_1' title='image "./philippimelanth07bindgoog_0027.png"; bbox 0 0 4906 5986; ppageno 0'>
   <div class='ocr_carea' id='block_1_1' title="bbox 134 83 2168 270">
    <p class='ocr_par' dir='ltr' id='par_1_1' title="bbox 134 83 2168 270">
     <span class='ocr_line' id='line_1_1' title="bbox 134 83 2168 270; baseline -0 -44"><span class='ocrx_word' id='word_1_1' title='bbox 134 83 184 226; x_wconf 75' lang='lat' dir='ltr'>ss</span> <span class='ocrx_word' id='word_1_2' title='bbox 234 83 238 98; x_wconf 47' lang='lat'>¹</span> <span class='ocrx_word' id='word_1_3' title='bbox 278 101 750 264; x_wconf 72' lang='lat' dir='ltr'>rrrsronaauu</span> <span class='ocrx_word' id='word_1_4' title='bbox 800 137 1175 224; x_wconf 84' lang='lat' dir='ltr'>tuntctottutt</span> <span class='ocrx_word' id='word_1_5' title='bbox 1214 115 1731 242; x_wconf 74' lang='lat' dir='ltr'>ur‘scsteronuu</span> <span class='ocrx_word' id='word_1_6' title='bbox 1771 140 1885 270; x_wconf 73' lang='lat' dir='ltr'>tls.</span> <span class='ocrx_word' id='word_1_7' title='bbox 1912 141 2012 218; x_wconf 86' lang='lat' dir='ltr'>nv.</span> <span class='ocrx_word' id='word_1_8' title='bbox 2116 145 2168 217; x_wconf 76' lang='lat' dir='ltr'>es</span> 
     </span>
    </p>
   </div>
   <div class='ocr_carea' id='block_1_2' title="bbox 105 305 2163 1329">
    <p class='ocr_par' dir='ltr' id='par_1_2' title="bbox 105 305 2163 1329">
     <span class='ocr_line' id='line_1_2' title="bbox 176 305 2163 425; baseline 0.034 -107"><span class='ocrx_word' id='word_1_9' title='bbox 176 313 178 318; x_wconf 82' lang='grc'><strong>,</strong></span> <span class='ocrx_word' id='word_1_10' title='bbox 223 319 365 392; x_wconf 56' lang='lat' dir='ltr'>Deinde</span> <span class='ocrx_word' id='word_1_11' title='bbox 390 335 548 414; x_wconf 82' lang='lat' dir='ltr'>reputes,</span> <span class='ocrx_word' id='word_1_12' title='bbox 568 333 737 414; x_wconf 16' lang='lat' dir='ltr'><strong>*quanm</strong></span> <span class='ocrx_word' id='word_1_13' title='bbox 763 315 822 392; x_wconf 63' lang='lat' dir='ltr'>hic</span> <span class='ocrx_word' id='word_1_14' title='bbox 848 321 893 390; x_wconf 55' lang='lat' dir='ltr'>sp,</span> <span class='ocrx_word' id='word_1_15' title='bbox 920 325 1039 420; x_wconf 53' lang='lat' dir='ltr'>sum,</span> <span class='ocrx_word' id='word_1_16' title='bbox 1082 335 1116 391; x_wconf 66' lang='lat' dir='ltr'>e,</span> <span class='ocrx_word' id='word_1_17' title='bbox 1170 305 1388 402; x_wconf 89' lang='lat' dir='ltr'>propositam</span> <span class='ocrx_word' id='word_1_18' title='bbox 1404 329 1477 379; x_wconf 89' lang='lat' dir='ltr'>esse</span> <span class='ocrx_word' id='word_1_19' title='bbox 1493 330 1683 398; x_wconf 89' lang='lat' dir='ltr'>agnoscas,</span> <span class='ocrx_word' id='word_1_20' title='bbox 1708 335 1749 382; x_wconf 93' lang='lat' dir='ltr'>ac</span> <span class='ocrx_word' id='word_1_21' title='bbox 1766 337 1826 384; x_wconf 85' lang='lat' dir='ltr'>vos</span> <span class='ocrx_word' id='word_1_22' title='bbox 1843 315 1934 386; x_wconf 91' lang='lat' dir='ltr'>duos</span> <span class='ocrx_word' id='word_1_23' title='bbox 1950 339 1991 425; x_wconf 79' lang='lat' dir='ltr'>ac</span> <span class='ocrx_word' id='word_1_24' title='bbox 2006 328 2163 386; x_wconf 86' lang='lat' dir='ltr'>vestrum</span> 
     </span>
     <span class='ocr_line' id='line_1_3' title="bbox 119 409 2161 527; baseline 0.004 -32"><span class='ocrx_word' id='word_1_25' title='bbox 119 413 217 495; x_wconf 85' lang='lat' dir='ltr'>ttnde</span> <span class='ocrx_word' id='word_1_26' title='bbox 232 423 332 496; x_wconf 78' lang='lat' dir='ltr'>ortus</span> <span class='ocrx_word' id='word_1_27' title='bbox 347 424 402 494; x_wconf 90' lang='lat' dir='ltr'>sit.</span> <span class='ocrx_word' id='word_1_28' title='bbox 442 421 584 494; x_wconf 76' lang='lat' dir='ltr'>Dicenti</span> <span class='ocrx_word' id='word_1_29' title='bbox 600 413 679 494; x_wconf 91' lang='lat' dir='ltr'>Deo</span> <span class='ocrx_word' id='word_1_30' title='bbox 696 425 902 494; x_wconf 70' lang='lat' dir='ltr'>adversatur</span> <span class='ocrx_word' id='word_1_31' title='bbox 920 419 1030 516; x_wconf 64' lang='lat' dir='ltr'>Papa,</span> <span class='ocrx_word' id='word_1_32' title='bbox 1050 424 1113 517; x_wconf 91' lang='lat' dir='ltr'>qui</span> <span class='ocrx_word' id='word_1_33' title='bbox 1168 431 1465 527; x_wconf 51' lang='lat' dir='ltr'>Parvuffldgfflffl</span> <span class='ocrx_word' id='word_1_34' title='bbox 1481 411 1567 482; x_wconf 66' lang='grc' dir='ltr'><strong>δθῐῑθ</strong></span> <span class='ocrx_word' id='word_1_35' title='bbox 1584 413 1682 484; x_wconf 70' lang='lat' dir='ltr'>lilius</span> <span class='ocrx_word' id='word_1_36' title='bbox 1695 409 1874 487; x_wconf 59' lang='lat' dir='ltr'>Ecclesiae</span> <span class='ocrx_word' id='word_1_37' title='bbox 1895 417 2052 488; x_wconf 62' lang='lat' dir='ltr'>membla</span> <span class='ocrx_word' id='word_1_38' title='bbox 2076 441 2161 504; x_wconf 62' lang='lat'>⁸⁸⁸⁰,</span> 
     </span>
     <span class='ocr_line' id='line_1_4' title="bbox 120 507 2158 626; baseline -0 -28"><span class='ocrx_word' id='word_1_39' title='bbox 120 527 225 610; x_wconf 87' lang='lat' dir='ltr'>dicit,</span> <span class='ocrx_word' id='word_1_40' title='bbox 250 519 310 599; x_wconf 80' lang='lat' dir='ltr'>Ne</span> <span class='ocrx_word' id='word_1_41' title='bbox 324 519 496 596; x_wconf 83' lang='lat' dir='ltr'>sacerdos</span> <span class='ocrx_word' id='word_1_42' title='bbox 510 523 741 617; x_wconf 80' lang='lat' dir='ltr'>inconiugio</span> <span class='ocrx_word' id='word_1_43' title='bbox 763 521 929 618; x_wconf 77' lang='lat' dir='ltr'>legitimo</span> <span class='ocrx_word' id='word_1_44' title='bbox 954 534 985 595; x_wconf 82' lang='lat' dir='ltr'>et</span> <span class='ocrx_word' id='word_1_45' title='bbox 1012 534 1112 596; x_wconf 86' lang='lat' dir='ltr'>casto</span> <span class='ocrx_word' id='word_1_46' title='bbox 1166 533 1276 608; x_wconf 89' lang='lat' dir='ltr'>quam</span> <span class='ocrx_word' id='word_1_47' title='bbox 1291 507 1406 584; x_wconf 76' lang='lat' dir='ltr'>Filius</span> <span class='ocrx_word' id='word_1_48' title='bbox 1423 525 1535 598; x_wconf 70' lang='lat' dir='ltr'>amal,</span> <span class='ocrx_word' id='word_1_49' title='bbox 1560 515 1998 607; x_wconf 69' lang='lat' dir='ltr'>c0¹1¹Plt2⁶lllutelidetur·</span> <span class='ocrx_word' id='word_1_50' title='bbox 2050 519 2158 626; x_wconf 74' lang='lat' dir='ltr'>Hunc</span> 
     </span>
     <span class='ocr_line' id='line_1_5' title="bbox 122 613 2155 722; baseline 0.005 -26"><span class='ocrx_word' id='word_1_51' title='bbox 122 626 231 700; x_wconf 72' lang='lat' dir='ltr'>vival.</span> <span class='ocrx_word' id='word_1_52' title='bbox 290 626 414 699; x_wconf 87' lang='lat' dir='ltr'>Violat</span> <span class='ocrx_word' id='word_1_53' title='bbox 444 627 589 722; x_wconf 87' lang='lat' dir='ltr'>quidem</span> <span class='ocrx_word' id='word_1_54' title='bbox 616 623 711 696; x_wconf 90' lang='lat' dir='ltr'>hunc</span> <span class='ocrx_word' id='word_1_55' title='bbox 737 629 900 697; x_wconf 85' lang='lat' dir='ltr'>ordinem</span> <span class='ocrx_word' id='word_1_56' title='bbox 925 653 990 697; x_wconf 92' lang='lat' dir='ltr'>suo</span> <span class='ocrx_word' id='word_1_57' title='bbox 1013 629 1110 718; x_wconf 89' lang='lat' dir='ltr'>lapsu</span> <span class='ocrx_word' id='word_1_58' title='bbox 1165 613 1321 722; x_wconf 54' lang='lat' dir='ltr'>Vilfsslffl</span> <span class='ocrx_word' id='word_1_59' title='bbox 1341 626 1476 704; x_wconf 66' lang='grc' dir='ltr'><strong>ὃῑῼὸῑθ,</strong></span> <span class='ocrx_word' id='word_1_60' title='bbox 1507 629 1541 686; x_wconf 69' lang='grc' dir='ltr'>θῑ</span> <span class='ocrx_word' id='word_1_61' title='bbox 1564 631 1662 708; x_wconf 67' lang='grc' dir='ltr'>8Γὸῑο</span> <span class='ocrx_word' id='word_1_62' title='bbox 1685 634 1826 709; x_wconf 65' lang='grc' dir='ltr'>Ρθῑῑῡῑθ</span> <span class='ocrx_word' id='word_1_63' title='bbox 1851 621 2025 710; x_wconf 67' lang='lat' dir='ltr'>celebres,</span> <span class='ocrx_word' id='word_1_64' title='bbox 2052 635 2086 694; x_wconf 65' lang='lat' dir='ltr'>el</span> <span class='ocrx_word' id='word_1_65' title='bbox 2107 637 2155 706; x_wconf 68' lang='grc' dir='ltr'>ῑθ,</span> 
     </span>
     <span class='ocr_line' id='line_1_6' title="bbox 122 717 2153 820; baseline 0.005 -20"><span class='ocrx_word' id='word_1_66' title='bbox 122 731 226 800; x_wconf 89' lang='lat' dir='ltr'>etiarn</span> <span class='ocrx_word' id='word_1_67' title='bbox 243 722 409 815; x_wconf 69' lang='lat' dir='ltr'>David,</span> <span class='ocrx_word' id='word_1_68' title='bbox 429 732 490 798; x_wconf 91' lang='lat' dir='ltr'>sed</span> <span class='ocrx_word' id='word_1_69' title='bbox 514 729 605 798; x_wconf 88' lang='lat' dir='ltr'>illud</span> <span class='ocrx_word' id='word_1_70' title='bbox 629 731 740 798; x_wconf 85' lang='lat' dir='ltr'>scelus</span> <span class='ocrx_word' id='word_1_71' title='bbox 764 727 879 799; x_wconf 87' lang='lat' dir='ltr'>maius</span> <span class='ocrx_word' id='word_1_72' title='bbox 898 744 969 814; x_wconf 88' lang='lat' dir='ltr'>est,</span> <span class='ocrx_word' id='word_1_73' title='bbox 998 731 1109 820; x_wconf 85' lang='lat' dir='ltr'>legem</span> <span class='ocrx_word' id='word_1_74' title='bbox 1164 726 1319 808; x_wconf 55' lang='lat' dir='ltr'>tuosque</span> <span class='ocrx_word' id='word_1_75' title='bbox 1353 729 1388 788; x_wconf 66' lang='lat' dir='ltr'>el</span> <span class='ocrx_word' id='word_1_76' title='bbox 1421 717 1569 787; x_wconf 71' lang='lat' dir='ltr'>nld⁰l⁰⁸</span> <span class='ocrx_word' id='word_1_77' title='bbox 1597 735 1731 792; x_wconf 73' lang='lat' dir='ltr'>V0⁸l¹¹⁰⁸</span> <span class='ocrx_word' id='word_1_78' title='bbox 1756 724 1788 791; x_wconf 71' lang='grc' dir='ltr'>θῑ</span> <span class='ocrx_word' id='word_1_79' title='bbox 1812 726 2039 810; x_wconf 55' lang='lat' dir='ltr'>&amp;mendas</span> <span class='ocrx_word' id='word_1_80' title='bbox 2073 749 2153 794; x_wconf 65' lang='lat' dir='ltr'>tum</span> 
     </span>
     <span class='ocr_line' id='line_1_7' title="bbox 114 819 2153 924; baseline 0.002 -25"><span class='ocrx_word' id='word_1_81' title='bbox 114 855 300 922; x_wconf 86' lang='lat' dir='ltr'>opponere</span> <span class='ocrx_word' id='word_1_82' title='bbox 313 829 391 901; x_wconf 90' lang='lat' dir='ltr'>Deo</span> <span class='ocrx_word' id='word_1_83' title='bbox 406 830 557 916; x_wconf 88' lang='lat' dir='ltr'>dicenti,</span> <span class='ocrx_word' id='word_1_84' title='bbox 583 853 673 924; x_wconf 89' lang='lat' dir='ltr'>quae</span> <span class='ocrx_word' id='word_1_85' title='bbox 690 831 893 922; x_wconf 87' lang='lat' dir='ltr'>coniugium</span> <span class='ocrx_word' id='word_1_86' title='bbox 911 826 1110 921; x_wconf 78' lang='lat' dir='ltr'>probibeat,</span> <span class='ocrx_word' id='word_1_87' title='bbox 1163 819 1307 911; x_wconf 64' lang='lat' dir='ltr'>quidem</span> <span class='ocrx_word' id='word_1_88' title='bbox 1324 831 1459 890; x_wconf 59' lang='lat' dir='ltr'>cellum</span> <span class='ocrx_word' id='word_1_89' title='bbox 1476 819 1542 903; x_wconf 66' lang='lat'>⁸3¹,</span> <span class='ocrx_word' id='word_1_90' title='bbox 1569 823 1667 892; x_wconf 72' lang='lat' dir='ltr'>nulla</span> <span class='ocrx_word' id='word_1_91' title='bbox 1684 847 1750 894; x_wconf 77' lang='lat'>110⁸</span> <span class='ocrx_word' id='word_1_92' title='bbox 1767 825 1865 904; x_wconf 74' lang='lat' dir='ltr'>firma</span> <span class='ocrx_word' id='word_1_93' title='bbox 1888 826 2062 917; x_wconf 66' lang='lat' dir='ltr'>praesidia</span> <span class='ocrx_word' id='word_1_94' title='bbox 2089 823 2153 896; x_wconf 75' lang='lat' dir='ltr'>ha·</span> 
     </span>
     <span class='ocr_line' id='line_1_8' title="bbox 120 917 2140 1038; baseline -0.001 -36"><span class='ocrx_word' id='word_1_95' title='bbox 120 947 152 1004; x_wconf 91' lang='lat' dir='ltr'>et</span> <span class='ocrx_word' id='word_1_96' title='bbox 175 956 280 1003; x_wconf 91' lang='lat' dir='ltr'>causa</span> <span class='ocrx_word' id='word_1_97' title='bbox 303 933 351 1003; x_wconf 91' lang='lat' dir='ltr'>sit</span> <span class='ocrx_word' id='word_1_98' title='bbox 372 933 573 1024; x_wconf 82' lang='lat' dir='ltr'>ingentium</span> <span class='ocrx_word' id='word_1_99' title='bbox 595 933 785 1014; x_wconf 88' lang='lat' dir='ltr'>scelerum,</span> <span class='ocrx_word' id='word_1_100' title='bbox 813 933 943 1026; x_wconf 90' lang='lat' dir='ltr'>quibus</span> <span class='ocrx_word' id='word_1_101' title='bbox 968 935 1020 1002; x_wconf 90' lang='lat' dir='ltr'>ira</span> <span class='ocrx_word' id='word_1_102' title='bbox 1042 919 1110 1002; x_wconf 87' lang='lat' dir='ltr'>Dei</span> <span class='ocrx_word' id='word_1_103' title='bbox 1160 919 1263 1004; x_wconf 65' lang='lat' dir='ltr'>bere,</span> <span class='ocrx_word' id='word_1_104' title='bbox 1286 917 1356 1038; x_wconf 58' lang='lat'>¹13³}</span> <span class='ocrx_word' id='word_1_105' title='bbox 1371 918 1505 990; x_wconf 66' lang='lat' dir='ltr'>Filium</span> <span class='ocrx_word' id='word_1_106' title='bbox 1522 921 1602 995; x_wconf 69' lang='lat' dir='ltr'>Del·</span> <span class='ocrx_word' id='word_1_107' title='bbox 2090 953 2105 988; x_wconf 58' lang='grc' dir='ltr'>υ</span> <span class='ocrx_word' id='word_1_108' title='bbox 2135 954 2140 962; x_wconf 88' lang='grc'>·</span> 
     </span>
     <span class='ocr_line' id='line_1_9' title="bbox 120 1017 2151 1122; baseline 0.003 -18"><span class='ocrx_word' id='word_1_109' title='bbox 120 1030 343 1105; x_wconf 74' lang='lat' dir='ltr'>horribiliter</span> <span class='ocrx_word' id='word_1_110' title='bbox 363 1033 578 1104; x_wconf 84' lang='lat' dir='ltr'>accenditur.</span> <span class='ocrx_word' id='word_1_111' title='bbox 622 1029 773 1122; x_wconf 79' lang='lat' dir='ltr'>Quanta</span> <span class='ocrx_word' id='word_1_112' title='bbox 798 1051 915 1105; x_wconf 89' lang='lat' dir='ltr'>autem</span> <span class='ocrx_word' id='word_1_113' title='bbox 940 1035 986 1108; x_wconf 90' lang='lat' dir='ltr'>sit</span> <span class='ocrx_word' id='word_1_114' title='bbox 1000 1037 1109 1106; x_wconf 81' lang='lat' dir='ltr'>atrda·</span> <span class='ocrx_word' id='word_1_115' title='bbox 1261 1017 1428 1116; x_wconf 60' lang='lat' dir='ltr'>Demque</span> <span class='ocrx_word' id='word_1_116' title='bbox 1441 1037 1478 1094; x_wconf 68' lang='lat'>0!</span> <span class='ocrx_word' id='word_1_117' title='bbox 1496 1023 1612 1114; x_wconf 69' lang='lat' dir='ltr'>lP-&#39;fflffl</span> <span class='ocrx_word' id='word_1_118' title='bbox 1627 1025 1753 1098; x_wconf 61' lang='lat' dir='ltr'>foedus</span> <span class='ocrx_word' id='word_1_119' title='bbox 1770 1029 1948 1121; x_wconf 66' lang='lat' dir='ltr'>&#39;0⁰1llug&#39;llt</span> <span class='ocrx_word' id='word_1_120' title='bbox 1975 1030 2151 1121; x_wconf 64' lang='lat' dir='ltr'>Slgssffita*</span> 
     </span>
     <span class='ocr_line' id='line_1_10' title="bbox 119 1123 2150 1240; baseline -0.001 -36"><span class='ocrx_word' id='word_1_121' title='bbox 119 1137 192 1222; x_wconf 87' lang='lat' dir='ltr'>cia‚</span> <span class='ocrx_word' id='word_1_122' title='bbox 217 1137 330 1227; x_wconf 86' lang='lat' dir='ltr'>legem</span> <span class='ocrx_word' id='word_1_123' title='bbox 351 1159 529 1232; x_wconf 89' lang='lat' dir='ltr'>opponere</span> <span class='ocrx_word' id='word_1_124' title='bbox 551 1133 687 1204; x_wconf 90' lang='lat' dir='ltr'>dicenti</span> <span class='ocrx_word' id='word_1_125' title='bbox 698 1133 794 1214; x_wconf 91' lang='lat' dir='ltr'>Deo,</span> <span class='ocrx_word' id='word_1_126' title='bbox 819 1133 1006 1220; x_wconf 79' lang='lat' dir='ltr'>hominum</span> <span class='ocrx_word' id='word_1_127' title='bbox 1026 1161 1107 1206; x_wconf 62' lang='grc' dir='ltr'>ωε.</span> <span class='ocrx_word' id='word_1_128' title='bbox 1161 1124 1277 1195; x_wconf 88' lang='lat' dir='ltr'>tiones</span> <span class='ocrx_word' id='word_1_129' title='bbox 1294 1123 1338 1192; x_wconf 88' lang='lat' dir='ltr'>de</span> <span class='ocrx_word' id='word_1_130' title='bbox 1363 1123 1551 1196; x_wconf 88' lang='lat' dir='ltr'>voluntate</span> <span class='ocrx_word' id='word_1_131' title='bbox 1567 1123 1636 1196; x_wconf 84' lang='lat' dir='ltr'>Dei</span> <span class='ocrx_word' id='word_1_132' title='bbox 1657 1130 1785 1200; x_wconf 86' lang='lat' dir='ltr'>mullas</span> <span class='ocrx_word' id='word_1_133' title='bbox 1809 1134 1985 1240; x_wconf 76' lang='lat' dir='ltr'>continet,</span> <span class='ocrx_word' id='word_1_134' title='bbox 2012 1147 2046 1204; x_wconf 87' lang='lat' dir='ltr'>et</span> <span class='ocrx_word' id='word_1_135' title='bbox 2067 1157 2150 1226; x_wconf 88' lang='lat' dir='ltr'>per-</span> 
     </span>
     <span class='ocr_line' id='line_1_11' title="bbox 105 1218 2147 1329; baseline 0.001 -23"><span class='ocrx_word' id='word_1_136' title='bbox 105 1233 206 1308; x_wconf 85' lang='lat' dir='ltr'>&#39;citas</span> <span class='ocrx_word' id='word_1_137' title='bbox 223 1218 399 1308; x_wconf 68' lang='lat' dir='ltr'>non‘satts</span> <span class='ocrx_word' id='word_1_138' title='bbox 413 1238 631 1316; x_wconf 76' lang='lat' dir='ltr'>considerat,</span> <span class='ocrx_word' id='word_1_139' title='bbox 656 1240 716 1305; x_wconf 91' lang='lat' dir='ltr'>sed</span> <span class='ocrx_word' id='word_1_140' title='bbox 735 1237 871 1308; x_wconf 85' lang='lat' dir='ltr'>diaboli</span> <span class='ocrx_word' id='word_1_141' title='bbox 892 1239 1107 1329; x_wconf 86' lang='lat' dir='ltr'>intelligunt,</span> <span class='ocrx_word' id='word_1_142' title='bbox 1160 1239 1267 1318; x_wconf 63' lang='grc' dir='ltr'><strong>Ρθῑΰθ</strong></span> <span class='ocrx_word' id='word_1_143' title='bbox 1291 1228 1510 1297; x_wconf 69' lang='lat' dir='ltr'>⁰⁰¹²⁵110l11d⁰</span> <span class='ocrx_word' id='word_1_144' title='bbox 1533 1227 1573 1296; x_wconf 68' lang='lat'>5¹1</span> <span class='ocrx_word' id='word_1_145' title='bbox 1595 1231 1760 1301; x_wconf 68' lang='lat' dir='ltr'>Secundis</span> <span class='ocrx_word' id='word_1_146' title='bbox 1793 1245 1826 1304; x_wconf 78' lang='lat' dir='ltr'>et</span> <span class='ocrx_word' id='word_1_147' title='bbox 1857 1235 2014 1304; x_wconf 73' lang='lat' dir='ltr'>adversis</span> <span class='ocrx_word' id='word_1_148' title='bbox 2041 1237 2147 1305; x_wconf 76' lang='lat' dir='ltr'>rebus</span> 
     </span>
    </p>
   </div>
   <div class='ocr_carea' id='block_1_3' title="bbox 117 1325 2147 1819">
    <p class='ocr_par' dir='ltr' id='par_1_3' title="bbox 117 1325 2147 1819">
     <span class='ocr_line' id='line_1_12' title="bbox 117 1325 2146 1434; baseline -0.002 -24"><span class='ocrx_word' id='word_1_149' title='bbox 117 1339 284 1434; x_wconf 88' lang='lat' dir='ltr'>aquibus</span> <span class='ocrx_word' id='word_1_150' title='bbox 293 1333 385 1408; x_wconf 82' lang='lat' dir='ltr'>haec</span> <span class='ocrx_word' id='word_1_151' title='bbox 400 1339 545 1409; x_wconf 87' lang='lat' dir='ltr'>audacia</span> <span class='ocrx_word' id='word_1_152' title='bbox 564 1339 721 1428; x_wconf 90' lang='lat' dir='ltr'>primum</span> <span class='ocrx_word' id='word_1_153' title='bbox 739 1353 896 1426; x_wconf 20' lang='lat' dir='ltr'>ortalest.</span> <span class='ocrx_word' id='word_1_154' title='bbox 1160 1325 1364 1398; x_wconf 80' lang='lat' dir='ltr'>exercitium</span> <span class='ocrx_word' id='word_1_155' title='bbox 1388 1342 1439 1399; x_wconf 87' lang='lat' dir='ltr'>est</span> <span class='ocrx_word' id='word_1_156' title='bbox 1463 1329 1842 1430; x_wconf 84' lang='lat' dir='ltr'>omniumvirtutum‚</span> <span class='ocrx_word' id='word_1_157' title='bbox 1876 1349 1912 1406; x_wconf 87' lang='lat' dir='ltr'>et</span> <span class='ocrx_word' id='word_1_158' title='bbox 1934 1337 2045 1406; x_wconf 91' lang='lat' dir='ltr'>multa</span> <span class='ocrx_word' id='word_1_159' title='bbox 2072 1335 2146 1405; x_wconf 90' lang='lat' dir='ltr'>no&#39;u</span> 
     </span>
     <span class='ocr_line' id='line_1_13' title="bbox 1158 1429 2146 1526; baseline 0.006 -26"><span class='ocrx_word' id='word_1_160' title='bbox 1158 1430 1308 1500; x_wconf 87' lang='lat' dir='ltr'>obseura</span> <span class='ocrx_word' id='word_1_161' title='bbox 1333 1429 1642 1517; x_wconf 67' lang='lat' dir='ltr'>praesensiones</span> <span class='ocrx_word' id='word_1_162' title='bbox 1659 1433 1697 1503; x_wconf 92' lang='lat' dir='ltr'>in</span> <span class='ocrx_word' id='word_1_163' title='bbox 1719 1448 1846 1526; x_wconf 78' lang='lat' dir='ltr'>genere</span> <span class='ocrx_word' id='word_1_164' title='bbox 1871 1431 2029 1508; x_wconf 89' lang='lat' dir='ltr'>humano</span> <span class='ocrx_word' id='word_1_165' title='bbox 2045 1439 2146 1509; x_wconf 82' lang='lat' dir='ltr'>testi·</span> 
     </span>
     <span class='ocr_line' id='line_1_14' title="bbox 1158 1531 2147 1628; baseline 0.007 -27"><span class='ocrx_word' id='word_1_166' title='bbox 1158 1531 1279 1602; x_wconf 85' lang='lat' dir='ltr'>monia</span> <span class='ocrx_word' id='word_1_167' title='bbox 1294 1532 1460 1607; x_wconf 76' lang='lat' dir='ltr'>ostendit.</span> <span class='ocrx_word' id='word_1_168' title='bbox 1511 1531 1742 1628; x_wconf 76' lang='lat' dir='ltr'>Nequaquam</span> <span class='ocrx_word' id='word_1_169' title='bbox 1759 1538 1854 1607; x_wconf 86' lang='lat' dir='ltr'>enim</span> <span class='ocrx_word' id='word_1_170' title='bbox 1871 1539 2021 1610; x_wconf 88' lang='lat' dir='ltr'>societas</span> <span class='ocrx_word' id='word_1_171' title='bbox 2040 1561 2147 1628; x_wconf 87' lang='lat' dir='ltr'>gene-</span> 
     </span>
     <span class='ocr_line' id='line_1_15' title="bbox 1157 1628 2147 1734; baseline 0.005 -28"><span class='ocrx_word' id='word_1_172' title='bbox 1157 1634 1207 1706; x_wconf 90' lang='lat' dir='ltr'>ris</span> <span class='ocrx_word' id='word_1_173' title='bbox 1222 1628 1371 1704; x_wconf 87' lang='lat' dir='ltr'>humani</span> <span class='ocrx_word' id='word_1_174' title='bbox 1386 1633 1556 1706; x_wconf 89' lang='lat' dir='ltr'>diuturna</span> <span class='ocrx_word' id='word_1_175' title='bbox 1572 1659 1649 1706; x_wconf 88' lang='lat' dir='ltr'>esse</span> <span class='ocrx_word' id='word_1_176' title='bbox 1670 1652 1788 1732; x_wconf 84' lang='lat' dir='ltr'>posset</span> <span class='ocrx_word' id='word_1_177' title='bbox 1803 1639 1841 1720; x_wconf 82' lang='lat' dir='ltr'>in</span> <span class='ocrx_word' id='word_1_178' title='bbox 1860 1641 1970 1712; x_wconf 88' lang='lat' dir='ltr'>tantis</span> <span class='ocrx_word' id='word_1_179' title='bbox 1981 1639 2147 1734; x_wconf 84' lang='lat' dir='ltr'>periculis</span> 
     </span>
     <span class='ocr_line' id='line_1_16' title="bbox 1157 1733 2145 1819; baseline 0.006 -13"><span class='ocrx_word' id='word_1_180' title='bbox 1157 1749 1192 1806; x_wconf 90' lang='lat' dir='ltr'>et</span> <span class='ocrx_word' id='word_1_181' title='bbox 1212 1733 1412 1819; x_wconf 86' lang='lat' dir='ltr'>furoribus,</span> <span class='ocrx_word' id='word_1_182' title='bbox 1441 1737 1513 1806; x_wconf 87' lang='lat' dir='ltr'>nisi</span> <span class='ocrx_word' id='word_1_183' title='bbox 1526 1735 1622 1808; x_wconf 91' lang='lat' dir='ltr'>Deus</span> <span class='ocrx_word' id='word_1_184' title='bbox 1642 1754 1759 1811; x_wconf 86' lang='lat' dir='ltr'>custos</span> <span class='ocrx_word' id='word_1_185' title='bbox 1779 1756 1869 1814; x_wconf 86' lang='lat' dir='ltr'>esset</span> <span class='ocrx_word' id='word_1_186' title='bbox 1893 1741 2145 1814; x_wconf 85' lang='lat' dir='ltr'>imbecillium:</span> 
     </span>
    </p>
   </div>
   <div class='ocr_carea' id='block_1_4' title="bbox 92 1434 1117 2958">
    <p class='ocr_par' dir='ltr' id='par_1_4' title="bbox 117 1434 1107 1938">
     <span class='ocr_line' id='line_1_17' title="bbox 218 1434 1106 1538; baseline -0.002 -26"><span class='ocrx_word' id='word_1_187' title='bbox 218 1434 481 1512; x_wconf 79' lang='lat' dir='ltr'>Eitsiautemin</span> <span class='ocrx_word' id='word_1_188' title='bbox 498 1435 663 1510; x_wconf 83' lang='lat' dir='ltr'>Etlmieis</span> <span class='ocrx_word' id='word_1_189' title='bbox 688 1441 846 1532; x_wconf 88' lang='lat' dir='ltr'>scriptis,</span> <span class='ocrx_word' id='word_1_190' title='bbox 873 1467 954 1512; x_wconf 92' lang='lat' dir='ltr'>cum</span> <span class='ocrx_word' id='word_1_191' title='bbox 980 1465 1106 1538; x_wconf 85' lang='lat' dir='ltr'>quere-</span> 
     </span>
     <span class='ocr_line' id='line_1_18' title="bbox 118 1541 1107 1636; baseline 0.002 -24"><span class='ocrx_word' id='word_1_192' title='bbox 118 1543 172 1612; x_wconf 87' lang='lat' dir='ltr'>lae</span> <span class='ocrx_word' id='word_1_193' title='bbox 188 1543 231 1612; x_wconf 88' lang='lat' dir='ltr'>de</span> <span class='ocrx_word' id='word_1_194' title='bbox 242 1543 422 1612; x_wconf 82' lang='lat' dir='ltr'>aerumnis</span> <span class='ocrx_word' id='word_1_195' title='bbox 442 1541 619 1631; x_wconf 82' lang='lat' dir='ltr'>coniugii,</span> <span class='ocrx_word' id='word_1_196' title='bbox 645 1555 721 1611; x_wconf 90' lang='lat' dir='ltr'>tum</span> <span class='ocrx_word' id='word_1_197' title='bbox 743 1544 847 1613; x_wconf 89' lang='lat' dir='ltr'>etiam</span> <span class='ocrx_word' id='word_1_198' title='bbox 873 1545 1107 1636; x_wconf 82' lang='lat' dir='ltr'>vituperatio-</span> 
     </span>
     <span class='ocr_line' id='line_1_19' title="bbox 118 1643 1105 1733; baseline 0.002 -19"><span class='ocrx_word' id='word_1_199' title='bbox 118 1667 180 1714; x_wconf 92' lang='lat' dir='ltr'>nes</span> <span class='ocrx_word' id='word_1_200' title='bbox 205 1658 239 1716; x_wconf 90' lang='lat' dir='ltr'>et</span> <span class='ocrx_word' id='word_1_201' title='bbox 261 1667 365 1713; x_wconf 77' lang='lat' dir='ltr'>senus</span> <span class='ocrx_word' id='word_1_202' title='bbox 385 1658 419 1713; x_wconf 91' lang='lat' dir='ltr'>et</span> <span class='ocrx_word' id='word_1_203' title='bbox 441 1643 597 1733; x_wconf 86' lang='lat' dir='ltr'>coniugii</span> <span class='ocrx_word' id='word_1_204' title='bbox 621 1643 805 1732; x_wconf 85' lang='lat' dir='ltr'>leguntur,</span> <span class='ocrx_word' id='word_1_205' title='bbox 820 1657 955 1715; x_wconf 84' lang='lat' dir='ltr'>tamen</span> <span class='ocrx_word' id='word_1_206' title='bbox 977 1647 1105 1716; x_wconf 91' lang='lat' dir='ltr'>scimus</span> 
     </span>
     <span class='ocr_line' id='line_1_20' title="bbox 117 1745 1103 1834; baseline 0.002 -18"><span class='ocrx_word' id='word_1_207' title='bbox 117 1767 281 1816; x_wconf 85' lang='lat' dir='ltr'>normam</span> <span class='ocrx_word' id='word_1_208' title='bbox 306 1745 430 1816; x_wconf 87' lang='lat' dir='ltr'>iudicii</span> <span class='ocrx_word' id='word_1_209' title='bbox 452 1769 525 1814; x_wconf 89' lang='lat' dir='ltr'>esse</span> <span class='ocrx_word' id='word_1_210' title='bbox 548 1767 669 1814; x_wconf 88' lang='lat' dir='ltr'>vocem</span> <span class='ocrx_word' id='word_1_211' title='bbox 699 1745 879 1834; x_wconf 88' lang='lat' dir='ltr'>divinam,</span> <span class='ocrx_word' id='word_1_212' title='bbox 912 1761 948 1819; x_wconf 90' lang='lat' dir='ltr'>et</span> <span class='ocrx_word' id='word_1_213' title='bbox 980 1751 1103 1818; x_wconf 89' lang='lat' dir='ltr'>mode-</span> 
     </span>
     <span class='ocr_line' id='line_1_21' title="bbox 118 1841 855 1938; baseline -0.004 -19"><span class='ocrx_word' id='word_1_214' title='bbox 118 1847 210 1919; x_wconf 81' lang='lat' dir='ltr'>stius·</span> <span class='ocrx_word' id='word_1_215' title='bbox 225 1845 334 1915; x_wconf 91' lang='lat' dir='ltr'>locuti</span> <span class='ocrx_word' id='word_1_216' title='bbox 350 1859 433 1918; x_wconf 92' lang='lat' dir='ltr'>sunt</span> <span class='ocrx_word' id='word_1_217' title='bbox 448 1847 623 1938; x_wconf 83' lang='lat' dir='ltr'>sapientes</span> <span class='ocrx_word' id='word_1_218' title='bbox 641 1858 674 1915; x_wconf 85' lang='lat' dir='ltr'>et</span> <span class='ocrx_word' id='word_1_219' title='bbox 688 1841 855 1919; x_wconf 84' lang='lat' dir='ltr'>honesti.¹</span> 
     </span>
    </p>

    <p class='ocr_par' dir='ltr' id='par_1_5' title="bbox 92 1939 1117 2958">
     <span class='ocr_line' id='line_1_22' title="bbox 217 1939 1102 2044; baseline 0.005 -28"><span class='ocrx_word' id='word_1_220' title='bbox 217 1939 460 2044; x_wconf 71' lang='lat' dir='ltr'>Pythagoras</span> <span class='ocrx_word' id='word_1_221' title='bbox 479 1948 666 2040; x_wconf 86' lang='lat' dir='ltr'>praecipit,</span> <span class='ocrx_word' id='word_1_222' title='bbox 691 1973 736 2018; x_wconf 92' lang='lat' dir='ltr'>ne</span> <span class='ocrx_word' id='word_1_223' title='bbox 754 1951 902 2021; x_wconf 87' lang='lat' dir='ltr'>maritus</span> <span class='ocrx_word' id='word_1_224' title='bbox 918 1939 1102 2043; x_wconf 82' lang='lat' dir='ltr'>coniugem</span> 
     </span>
     <span class='ocr_line' id='line_1_23' title="bbox 115 2049 1103 2146; baseline 0.004 -28"><span class='ocrx_word' id='word_1_225' title='bbox 115 2051 328 2122; x_wconf 87' lang='lat' dir='ltr'>contumelia</span> <span class='ocrx_word' id='word_1_226' title='bbox 351 2049 509 2130; x_wconf 85' lang='lat' dir='ltr'>adficiat,</span> <span class='ocrx_word' id='word_1_227' title='bbox 542 2051 698 2142; x_wconf 86' lang='lat' dir='ltr'>quae-ad</span> <span class='ocrx_word' id='word_1_228' title='bbox 721 2057 818 2120; x_wconf 74' lang='lat' dir='ltr'>a&#39;ram</span> <span class='ocrx_word' id='word_1_229' title='bbox 843 2053 876 2130; x_wconf 85' lang='lat' dir='ltr'>ei</span> <span class='ocrx_word' id='word_1_230' title='bbox 900 2053 997 2124; x_wconf 83' lang='lat' dir='ltr'>velut</span> <span class='ocrx_word' id='word_1_231' title='bbox 1020 2078 1103 2146; x_wconf 89' lang='lat' dir='ltr'>sup-</span> 
     </span>
     <span class='ocr_line' id='line_1_24' title="bbox 115 2148 1101 2244; baseline 0.002 -24"><span class='ocrx_word' id='word_1_232' title='bbox 115 2153 193 2244; x_wconf 82' lang='lat' dir='ltr'>plex</span> <span class='ocrx_word' id='word_1_233' title='bbox 209 2152 373 2226; x_wconf 85' lang='lat' dir='ltr'>traditur.</span> <span class='ocrx_word' id='word_1_234' title='bbox 424 2148 494 2222; x_wconf 89' lang='lat' dir='ltr'>Hic</span> <span class='ocrx_word' id='word_1_235' title='bbox 519 2151 549 2219; x_wconf 90' lang='lat' dir='ltr'>si</span> <span class='ocrx_word' id='word_1_236' title='bbox 575 2151 652 2220; x_wconf 89' lang='lat' dir='ltr'>iura</span> <span class='ocrx_word' id='word_1_237' title='bbox 674 2153 873 2244; x_wconf 88' lang='lat' dir='ltr'>supplicum</span> <span class='ocrx_word' id='word_1_238' title='bbox 898 2153 1101 2224; x_wconf 88' lang='lat' dir='ltr'>considera-</span> 
     </span>
     <span class='ocr_line' id='line_1_25' title="bbox 92 2253 1102 2346; baseline 0 -22"><span class='ocrx_word' id='word_1_239' title='bbox 92 2255 190 2337; x_wconf 83' lang='lat' dir='ltr'>bis,</span> <span class='ocrx_word' id='word_1_240' title='bbox 229 2253 406 2346; x_wconf 81' lang='lat' dir='ltr'>intelliges</span> <span class='ocrx_word' id='word_1_241' title='bbox 439 2253 483 2322; x_wconf 83' lang='lat' dir='ltr'>ad</span> <span class='ocrx_word' id='word_1_242' title='bbox 518 2277 674 2322; x_wconf 87' lang='lat' dir='ltr'>amorem</span> <span class='ocrx_word' id='word_1_243' title='bbox 700 2268 735 2324; x_wconf 91' lang='lat' dir='ltr'>et</span> <span class='ocrx_word' id='word_1_244' title='bbox 762 2255 962 2345; x_wconf 84' lang='lat' dir='ltr'>coniugalia</span> <span class='ocrx_word' id='word_1_245' title='bbox 987 2256 1102 2326; x_wconf 85' lang='lat' dir='ltr'>officia</span> 
     </span>
     <span class='ocr_line' id='line_1_26' title="bbox 115 2352 1101 2447; baseline 0.001 -22"><span class='ocrx_word' id='word_1_246' title='bbox 115 2367 278 2447; x_wconf 86' lang='lat' dir='ltr'>oportere</span> <span class='ocrx_word' id='word_1_247' title='bbox 308 2357 348 2424; x_wconf 94' lang='lat' dir='ltr'>in</span> <span class='ocrx_word' id='word_1_248' title='bbox 381 2352 459 2424; x_wconf 88' lang='lat' dir='ltr'>viro</span> <span class='ocrx_word' id='word_1_249' title='bbox 492 2354 600 2424; x_wconf 88' lang='lat' dir='ltr'>etiam</span> <span class='ocrx_word' id='word_1_250' title='bbox 628 2357 793 2426; x_wconf 83' lang='lat' dir='ltr'>accedere</span> <span class='ocrx_word' id='word_1_251' title='bbox 823 2357 1101 2427; x_wconf 89' lang='lat' dir='ltr'>misericordiam</span> 
     </span>
     <span class='ocr_line' id='line_1_27' title="bbox 114 2455 1109 2548; baseline 0.001 -21"><span class='ocrx_word' id='word_1_252' title='bbox 114 2480 195 2548; x_wconf 87' lang='lat' dir='ltr'>erga</span> <span class='ocrx_word' id='word_1_253' title='bbox 225 2479 346 2542; x_wconf 85' lang='lat' dir='ltr'>sexum</span> <span class='ocrx_word' id='word_1_254' title='bbox 377 2455 663 2542; x_wconf 57' lang='lat' dir='ltr'>imbecilliorem}</span> <span class='ocrx_word' id='word_1_255' title='bbox 709 2455 787 2527; x_wconf 91' lang='lat' dir='ltr'>Tua</span> <span class='ocrx_word' id='word_1_256' title='bbox 816 2459 885 2528; x_wconf 88' lang='lat' dir='ltr'>fide</span> <span class='ocrx_word' id='word_1_257' title='bbox 914 2474 949 2532; x_wconf 91' lang='lat' dir='ltr'>et</span> <span class='ocrx_word' id='word_1_258' title='bbox 971 2459 1109 2530; x_wconf 88' lang='lat' dir='ltr'>virtute</span> 
     </span>
     <span class='ocr_line' id='line_1_28' title="bbox 113 2557 1101 2650; baseline 0.002 -22"><span class='ocrx_word' id='word_1_259' title='bbox 113 2559 272 2629; x_wconf 86' lang='lat' dir='ltr'>coniunx</span> <span class='ocrx_word' id='word_1_260' title='bbox 292 2558 532 2642; x_wconf 83' lang='lat' dir='ltr'>defendenda,</span> <span class='ocrx_word' id='word_1_261' title='bbox 572 2570 606 2626; x_wconf 90' lang='lat' dir='ltr'>et</span> <span class='ocrx_word' id='word_1_262' title='bbox 629 2557 705 2626; x_wconf 91' lang='lat' dir='ltr'>eius</span> <span class='ocrx_word' id='word_1_263' title='bbox 728 2557 928 2630; x_wconf 88' lang='lat' dir='ltr'>infirmitati</span> <span class='ocrx_word' id='word_1_264' title='bbox 954 2585 1101 2650; x_wconf 86' lang='lat' dir='ltr'>parcen-</span> 
     </span>
     <span class='ocr_line' id='line_1_29' title="bbox 115 2655 1117 2747; baseline 0.002 -19"><span class='ocrx_word' id='word_1_265' title='bbox 115 2663 201 2729; x_wconf 87' lang='lat' dir='ltr'>dum</span> <span class='ocrx_word' id='word_1_266' title='bbox 225 2671 286 2728; x_wconf 87' lang='lat' dir='ltr'>est.</span> <span class='ocrx_word' id='word_1_267' title='bbox 343 2655 440 2728; x_wconf 86' lang='lat' dir='ltr'>Haec</span> <span class='ocrx_word' id='word_1_268' title='bbox 469 2657 618 2728; x_wconf 89' lang='lat' dir='ltr'>iura-ad</span> <span class='ocrx_word' id='word_1_269' title='bbox 652 2681 748 2728; x_wconf 86' lang='lat' dir='ltr'>aram</span> <span class='ocrx_word' id='word_1_270' title='bbox 780 2661 1006 2747; x_wconf 83' lang='lat' dir='ltr'>sanciuntur,</span> <span class='ocrx_word' id='word_1_271' title='bbox 1038 2662 1117 2732; x_wconf 78' lang='lat' dir='ltr'>ubi&#39;</span> 
     </span>
     <span class='ocr_line' id='line_1_30' title="bbox 114 2757 1100 2852; baseline 0.003 -20"><span class='ocrx_word' id='word_1_272' title='bbox 114 2759 231 2832; x_wconf 91' lang='lat' dir='ltr'>Deum</span> <span class='ocrx_word' id='word_1_273' title='bbox 255 2771 377 2829; x_wconf 90' lang='lat' dir='ltr'>testem</span> <span class='ocrx_word' id='word_1_274' title='bbox 398 2771 434 2828; x_wconf 87' lang='lat' dir='ltr'>et</span> <span class='ocrx_word' id='word_1_275' title='bbox 461 2758 614 2828; x_wconf 87' lang='lat' dir='ltr'>iudicem</span> <span class='ocrx_word' id='word_1_276' title='bbox 643 2759 793 2852; x_wconf 79' lang='lat' dir='ltr'>facimus</span> <span class='ocrx_word' id='word_1_277' title='bbox 824 2757 931 2832; x_wconf 79' lang='lat' dir='ltr'>huius</span> <span class='ocrx_word' id='word_1_278' title='bbox 961 2775 1100 2835; x_wconf 80' lang='lat' dir='ltr'>nostrae</span> 
     </span>
     <span class='ocr_line' id='line_1_31' title="bbox 114 2859 1100 2958; baseline 0.007 -30"><span class='ocrx_word' id='word_1_279' title='bbox 114 2859 329 2942; x_wconf 82' lang='lat' dir='ltr'>voluntatis,</span> <span class='ocrx_word' id='word_1_280' title='bbox 357 2873 391 2930; x_wconf 91' lang='lat' dir='ltr'>et</span> <span class='ocrx_word' id='word_1_281' title='bbox 407 2859 579 2958; x_wconf 77' lang='lat' dir='ltr'>petimus,</span> <span class='ocrx_word' id='word_1_282' title='bbox 605 2873 646 2930; x_wconf 92' lang='lat' dir='ltr'>ut</span> <span class='ocrx_word' id='word_1_283' title='bbox 661 2859 707 2931; x_wconf 93' lang='lat' dir='ltr'>sit</span> <span class='ocrx_word' id='word_1_284' title='bbox 724 2876 841 2934; x_wconf 84' lang='lat' dir='ltr'>custos</span> <span class='ocrx_word' id='word_1_285' title='bbox 858 2879 999 2935; x_wconf 88' lang='lat' dir='ltr'>nostrae</span> <span class='ocrx_word' id='word_1_286' title='bbox 1013 2889 1100 2935; x_wconf 86' lang='lat' dir='ltr'>con-</span> 
     </span>
    </p>
   </div>
   <div class='ocr_carea' id='block_1_5' title="bbox 12 2957 1098 3052">
    <p class='ocr_par' dir='ltr' id='par_1_6' title="bbox 12 2957 1098 3052">
     <span class='ocr_line' id='line_1_32' title="bbox 12 2957 1098 3052; baseline 0.003 -18"><span class='ocrx_word' id='word_1_287' title='bbox 12 2971 14 2978; x_wconf 89' lang='lat'>&#39;</span> <span class='ocrx_word' id='word_1_288' title='bbox 112 2959 335 3040; x_wconf 79' lang='lat' dir='ltr'>suetudinis,</span> <span class='ocrx_word' id='word_1_289' title='bbox 360 2957 389 3028; x_wconf 91' lang='lat' dir='ltr'>sl</span> <span class='ocrx_word' id='word_1_290' title='bbox 412 2959 478 3030; x_wconf 88' lang='lat' dir='ltr'>erit</span> <span class='ocrx_word' id='word_1_291' title='bbox 496 2960 553 3052; x_wconf 87' lang='lat' dir='ltr'>pia</span> <span class='ocrx_word' id='word_1_292' title='bbox 570 2975 605 3032; x_wconf 91' lang='lat' dir='ltr'>et</span> <span class='ocrx_word' id='word_1_293' title='bbox 619 2962 793 3049; x_wconf 73' lang='lat' dir='ltr'>officiosa,</span> <span class='ocrx_word' id='word_1_294' title='bbox 819 2961 885 3039; x_wconf 86' lang='lat' dir='ltr'>Sin</span> <span class='ocrx_word' id='word_1_295' title='bbox 900 2981 1015 3038; x_wconf 90' lang='lat' dir='ltr'>autem</span> <span class='ocrx_word' id='word_1_296' title='bbox 1033 2968 1098 3038; x_wconf 89' lang='lat' dir='ltr'>erit</span> 
     </span>
    </p>
   </div>
   <div class='ocr_carea' id='block_1_6' title="bbox 56 3061 1098 5394">
    <p class='ocr_par' dir='ltr' id='par_1_7' title="bbox 112 3061 930 3159">
     <span class='ocr_line' id='line_1_33' title="bbox 112 3061 930 3159; baseline -0.002 -23"><span class='ocrx_word' id='word_1_297' title='bbox 112 3063 284 3146; x_wconf 83' lang='lat' dir='ltr'>crudelis,</span> <span class='ocrx_word' id='word_1_298' title='bbox 308 3073 349 3136; x_wconf 88' lang='lat' dir='ltr'>ut</span> <span class='ocrx_word' id='word_1_299' title='bbox 363 3061 408 3132; x_wconf 86' lang='lat' dir='ltr'>sit</span> <span class='ocrx_word' id='word_1_300' title='bbox 423 3061 564 3136; x_wconf 87' lang='lat' dir='ltr'>vindex.</span> <span class='ocrx_word' id='word_1_301' title='bbox 927 3152 930 3159; x_wconf 23' lang='grc'>1</span> 
     </span>
    </p>

    <p class='ocr_par' dir='ltr' id='par_1_8' title="bbox 56 3162 1098 4680">
     <span class='ocr_line' id='line_1_34' title="bbox 216 3162 1098 3254; baseline 0.003 -20"><span class='ocrx_word' id='word_1_302' title='bbox 216 3162 396 3234; x_wconf 89' lang='lat' dir='ltr'>Admonet</span> <span class='ocrx_word' id='word_1_303' title='bbox 412 3178 527 3234; x_wconf 89' lang='lat' dir='ltr'>autem</span> <span class='ocrx_word' id='word_1_304' title='bbox 544 3179 610 3254; x_wconf 80' lang='lat' dir='ltr'>nos</span> <span class='ocrx_word' id='word_1_305' title='bbox 624 3166 677 3234; x_wconf 84' lang='lat' dir='ltr'>de&#39;</span> <span class='ocrx_word' id='word_1_306' title='bbox 692 3164 858 3253; x_wconf 86' lang='lat' dir='ltr'>coniugio</span> <span class='ocrx_word' id='word_1_307' title='bbox 876 3163 960 3238; x_wconf 81' lang='lat' dir='ltr'>Filii</span> <span class='ocrx_word' id='word_1_308' title='bbox 975 3167 1042 3237; x_wconf 89' lang='lat' dir='ltr'>Dei</span> <span class='ocrx_word' id='word_1_309' title='bbox 1066 3183 1098 3238; x_wconf 82' lang='lat' dir='ltr'>ct</span> 
     </span>
     <span class='ocr_line' id='line_1_35' title="bbox 112 3261 1096 3362; baseline 0.003 -24"><span class='ocrx_word' id='word_1_310' title='bbox 112 3262 309 3354; x_wconf 76' lang='lat' dir='ltr'>Ecclesiae,</span> <span class='ocrx_word' id='word_1_311' title='bbox 344 3261 440 3334; x_wconf 82' lang='lat' dir='ltr'>Huic</span> <span class='ocrx_word' id='word_1_312' title='bbox 464 3267 629 3338; x_wconf 86' lang='lat' dir='ltr'>adaram</span> <span class='ocrx_word' id='word_1_313' title='bbox 657 3265 747 3338; x_wconf 86' lang='lat' dir='ltr'>lacta</span> <span class='ocrx_word' id='word_1_314' title='bbox 775 3281 827 3337; x_wconf 89' lang='lat' dir='ltr'>est</span> <span class='ocrx_word' id='word_1_315' title='bbox 840 3271 992 3360; x_wconf 90' lang='lat' dir='ltr'>supplici</span> <span class='ocrx_word' id='word_1_316' title='bbox 1015 3295 1096 3362; x_wconf 88' lang='lat' dir='ltr'>pro·</span> 
     </span>
     <span class='ocr_line' id='line_1_36' title="bbox 112 3365 1097 3454; baseline 0.005 -17"><span class='ocrx_word' id='word_1_317' title='bbox 112 3367 246 3442; x_wconf 83' lang='lat' dir='ltr'>missio.</span> <span class='ocrx_word' id='word_1_318' title='bbox 303 3365 362 3438; x_wconf 90' lang='lat' dir='ltr'>Sic</span> <span class='ocrx_word' id='word_1_319' title='bbox 382 3367 492 3436; x_wconf 87' lang='lat' dir='ltr'>&#39;cuim</span> <span class='ocrx_word' id='word_1_320' title='bbox 517 3369 563 3436; x_wconf 90' lang='lat' dir='ltr'>ad</span> <span class='ocrx_word' id='word_1_321' title='bbox 588 3391 705 3450; x_wconf 86' lang='lat' dir='ltr'>aram,</span> <span class='ocrx_word' id='word_1_322' title='bbox 735 3369 772 3440; x_wconf 91' lang='lat' dir='ltr'>id</span> <span class='ocrx_word' id='word_1_323' title='bbox 800 3383 873 3454; x_wconf 84' lang='lat' dir='ltr'>est,</span> <span class='ocrx_word' id='word_1_324' title='bbox 902 3374 941 3440; x_wconf 92' lang='lat' dir='ltr'>iu</span> <span class='ocrx_word' id='word_1_325' title='bbox 968 3397 1097 3442; x_wconf 90' lang='lat' dir='ltr'>arcano</span> 
     </span>
     <span class='ocr_line' id='line_1_37' title="bbox 98 3465 1098 3566; baseline 0.003 -25"><span class='ocrx_word' id='word_1_326' title='bbox 98 3467 263 3541; x_wconf 74' lang='lat' dir='ltr'>&#39;consilio</span> <span class='ocrx_word' id='word_1_327' title='bbox 286 3467 419 3538; x_wconf 90' lang='lat' dir='ltr'>aeterni</span> <span class='ocrx_word' id='word_1_328' title='bbox 447 3465 580 3566; x_wconf 82' lang='lat' dir='ltr'>Patris,</span> <span class='ocrx_word' id='word_1_329' title='bbox 619 3471 785 3542; x_wconf 86' lang='lat' dir='ltr'>mirando</span> <span class='ocrx_word' id='word_1_330' title='bbox 817 3471 959 3542; x_wconf 84' lang='lat' dir='ltr'>loedere</span> <span class='ocrx_word' id='word_1_331' title='bbox 982 3473 1098 3544; x_wconf 84' lang='lat' dir='ltr'>Filius</span> 
     </span>
     <span class='ocr_line' id='line_1_38' title="bbox 111 3567 1098 3646; baseline 0.004 -4"><span class='ocrx_word' id='word_1_332' title='bbox 111 3567 180 3642; x_wconf 89' lang='lat' dir='ltr'>Dei</span> <span class='ocrx_word' id='word_1_333' title='bbox 200 3567 392 3642; x_wconf 85' lang='lat' dir='ltr'>Ecclesiam</span> <span class='ocrx_word' id='word_1_334' title='bbox 414 3571 591 3642; x_wconf 81' lang='lat' dir='ltr'>infirmam</span> <span class='ocrx_word' id='word_1_335' title='bbox 618 3585 652 3642; x_wconf 91' lang='lat' dir='ltr'>et</span> <span class='ocrx_word' id='word_1_336' title='bbox 672 3595 919 3644; x_wconf 89' lang='lat' dir='ltr'>aerumnosam</span> <span class='ocrx_word' id='word_1_337' title='bbox 945 3575 1014 3646; x_wconf 89' lang='lat' dir='ltr'>sibi</span> <span class='ocrx_word' id='word_1_338' title='bbox 1035 3579 1098 3646; x_wconf 87' lang='lat' dir='ltr'>de-</span> 
     </span>
     <span class='ocr_line' id='line_1_39' title="bbox 112 3671 1096 3768; baseline 0.003 -24"><span class='ocrx_word' id='word_1_339' title='bbox 112 3671 284 3762; x_wconf 84' lang='lat' dir='ltr'>spondet,</span> <span class='ocrx_word' id='word_1_340' title='bbox 307 3685 341 3744; x_wconf 91' lang='lat' dir='ltr'>et</span> <span class='ocrx_word' id='word_1_341' title='bbox 355 3671 590 3762; x_wconf 79' lang='lat' dir='ltr'>complectens</span> <span class='ocrx_word' id='word_1_342' title='bbox 604 3674 817 3768; x_wconf 80' lang='lat' dir='ltr'>supplicem,</span> <span class='ocrx_word' id='word_1_343' title='bbox 835 3675 1023 3747; x_wconf 91' lang='lat' dir='ltr'>miseretur</span> <span class='ocrx_word' id='word_1_344' title='bbox 1037 3702 1096 3747; x_wconf 88' lang='lat' dir='ltr'>ca-</span> 
     </span>
     <span class='ocr_line' id='line_1_40' title="bbox 112 3768 1096 3866; baseline 0.006 -24"><span class='ocrx_word' id='word_1_345' title='bbox 112 3771 282 3843; x_wconf 85' lang='lat' dir='ltr'>lamitatis</span> <span class='ocrx_word' id='word_1_346' title='bbox 313 3768 416 3854; x_wconf 59' lang='lat' dir='ltr'>eius,</span> <span class='ocrx_word' id='word_1_347' title='bbox 440 3797 480 3844; x_wconf 90' lang='lat' dir='ltr'>ac</span> <span class='ocrx_word' id='word_1_348' title='bbox 512 3775 713 3866; x_wconf 90' lang='lat' dir='ltr'>placaturus</span> <span class='ocrx_word' id='word_1_349' title='bbox 735 3791 917 3848; x_wconf 88' lang='lat' dir='ltr'>aeteruum</span> <span class='ocrx_word' id='word_1_350' title='bbox 941 3775 1096 3864; x_wconf 87' lang='lat' dir='ltr'>Patrem,</span> 
     </span>
     <span class='ocr_line' id='line_1_41' title="bbox 113 3875 1095 3970; baseline 0.007 -25"><span class='ocrx_word' id='word_1_351' title='bbox 113 3876 151 3945; x_wconf 92' lang='lat' dir='ltr'>in</span> <span class='ocrx_word' id='word_1_352' title='bbox 176 3895 250 3945; x_wconf 87' lang='lat' dir='ltr'>sese</span> <span class='ocrx_word' id='word_1_353' title='bbox 271 3875 408 3944; x_wconf 88' lang='lat' dir='ltr'>derivat</span> <span class='ocrx_word' id='word_1_354' title='bbox 438 3875 549 3962; x_wconf 88' lang='lat' dir='ltr'>iram,</span> <span class='ocrx_word' id='word_1_355' title='bbox 589 3875 628 3946; x_wconf 81' lang='lat' dir='ltr'>fit</span> <span class='ocrx_word' id='word_1_356' title='bbox 652 3880 799 3970; x_wconf 86' lang='lat' dir='ltr'>supplex</span> <span class='ocrx_word' id='word_1_357' title='bbox 825 3892 970 3950; x_wconf 87' lang='lat' dir='ltr'>aeterno</span> <span class='ocrx_word' id='word_1_358' title='bbox 997 3879 1095 3952; x_wconf 87' lang='lat' dir='ltr'>Patri</span> 
     </span>
     <span class='ocr_line' id='line_1_42' title="bbox 110 3977 1095 4072; baseline 0.007 -27"><span class='ocrx_word' id='word_1_359' title='bbox 110 4001 177 4072; x_wconf 91' lang='lat' dir='ltr'>pro</span> <span class='ocrx_word' id='word_1_360' title='bbox 203 3999 262 4062; x_wconf 89' lang='lat' dir='ltr'>ea,</span> <span class='ocrx_word' id='word_1_361' title='bbox 292 3989 327 4050; x_wconf 88' lang='lat' dir='ltr'>et</span> <span class='ocrx_word' id='word_1_362' title='bbox 355 3977 505 4050; x_wconf 89' lang='lat' dir='ltr'>sustinet</span> <span class='ocrx_word' id='word_1_363' title='bbox 531 4001 694 4070; x_wconf 87' lang='lat' dir='ltr'>poenam.</span> <span class='ocrx_word' id='word_1_364' title='bbox 754 3977 898 4068; x_wconf 85' lang='lat' dir='ltr'>Deinde</span> <span class='ocrx_word' id='word_1_365' title='bbox 924 3984 1095 4064; x_wconf 82' lang='lat' dir='ltr'>acerrime</span> 
     </span>
     <span class='ocr_line' id='line_1_43' title="bbox 110 4075 1095 4171; baseline 0.002 -21"><span class='ocrx_word' id='word_1_366' title='bbox 110 4075 271 4150; x_wconf 81' lang='lat' dir='ltr'>defendit</span> <span class='ocrx_word' id='word_1_367' title='bbox 288 4081 454 4171; x_wconf 80' lang='lat' dir='ltr'>sponsam</span> <span class='ocrx_word' id='word_1_368' title='bbox 475 4093 597 4150; x_wconf 89' lang='lat' dir='ltr'>contra</span> <span class='ocrx_word' id='word_1_369' title='bbox 622 4080 843 4152; x_wconf 87' lang='lat' dir='ltr'>saevissimos</span> <span class='ocrx_word' id='word_1_370' title='bbox 863 4075 982 4154; x_wconf 88' lang='lat' dir='ltr'>hostes</span> <span class='ocrx_word' id='word_1_371' title='bbox 1007 4081 1095 4153; x_wconf 92' lang='lat' dir='ltr'>Dia-</span> 
     </span>
     <span class='ocr_line' id='line_1_44' title="bbox 107 4179 1095 4274; baseline 0 -20"><span class='ocrx_word' id='word_1_372' title='bbox 107 4179 232 4262; x_wconf 81' lang='lat' dir='ltr'>botos,</span> <span class='ocrx_word' id='word_1_373' title='bbox 265 4193 300 4252; x_wconf 90' lang='lat' dir='ltr'>et</span> <span class='ocrx_word' id='word_1_374' title='bbox 322 4180 390 4251; x_wconf 84' lang='lat' dir='ltr'>lixo</span> <span class='ocrx_word' id='word_1_375' title='bbox 415 4181 454 4250; x_wconf 91' lang='lat' dir='ltr'>in</span> <span class='ocrx_word' id='word_1_376' title='bbox 474 4181 584 4252; x_wconf 84' lang='lat' dir='ltr'>labris</span> <span class='ocrx_word' id='word_1_377' title='bbox 607 4205 756 4274; x_wconf 88' lang='lat' dir='ltr'>sponsae</span> <span class='ocrx_word' id='word_1_378' title='bbox 786 4183 991 4256; x_wconf 86' lang='lat' dir='ltr'>dulcissimo</span> <span class='ocrx_word' id='word_1_379' title='bbox 1013 4208 1095 4256; x_wconf 88' lang='lat' dir='ltr'>sua-</span> 
     </span>
     <span class='ocr_line' id='line_1_45' title="bbox 110 4277 1095 4379; baseline 0.004 -27"><span class='ocrx_word' id='word_1_380' title='bbox 110 4281 229 4367; x_wconf 71' lang='lat' dir='ltr'>stolo,</span> <span class='ocrx_word' id='word_1_381' title='bbox 255 4305 341 4354; x_wconf 87' lang='lat' dir='ltr'>voce</span> <span class='ocrx_word' id='word_1_382' title='bbox 360 4277 567 4374; x_wconf 84' lang='lat' dir='ltr'>Evangelii,</span> <span class='ocrx_word' id='word_1_383' title='bbox 591 4295 626 4352; x_wconf 88' lang='lat' dir='ltr'>et</span> <span class='ocrx_word' id='word_1_384' title='bbox 652 4286 734 4354; x_wconf 89' lang='lat' dir='ltr'>dato</span> <span class='ocrx_word' id='word_1_385' title='bbox 758 4287 933 4356; x_wconf 88' lang='lat' dir='ltr'>arrabone</span> <span class='ocrx_word' id='word_1_386' title='bbox 957 4285 1095 4379; x_wconf 81' lang='lat' dir='ltr'>Spiritu</span> 
     </span>
     <span class='ocr_line' id='line_1_46' title="bbox 108 4385 1094 4484; baseline 0.001 -27"><span class='ocrx_word' id='word_1_387' title='bbox 108 4395 250 4469; x_wconf 87' lang='lat' dir='ltr'>sancto,</span> <span class='ocrx_word' id='word_1_388' title='bbox 270 4399 376 4456; x_wconf 85' lang='lat' dir='ltr'>ornat</span> <span class='ocrx_word' id='word_1_389' title='bbox 398 4409 474 4454; x_wconf 89' lang='lat' dir='ltr'>eam</span> <span class='ocrx_word' id='word_1_390' title='bbox 499 4385 572 4456; x_wconf 84' lang='lat' dir='ltr'>suis</span> <span class='ocrx_word' id='word_1_391' title='bbox 595 4385 715 4471; x_wconf 85' lang='lat' dir='ltr'>honis,</span> <span class='ocrx_word' id='word_1_392' title='bbox 740 4387 856 4484; x_wconf 84' lang='lat' dir='ltr'>reddit</span> <span class='ocrx_word' id='word_1_393' title='bbox 881 4390 1007 4469; x_wconf 86' lang='lat' dir='ltr'>vitam,</span> <span class='ocrx_word' id='word_1_394' title='bbox 1039 4413 1094 4458; x_wconf 87' lang='lat' dir='ltr'>sa·</span> 
     </span>
     <span class='ocr_line' id='line_1_47' title="bbox 56 4479 1094 4582; baseline 0.001 -25"><span class='ocrx_word' id='word_1_395' title='bbox 56 4479 64 4498; x_wconf 64' lang='lat'>⁸</span> <span class='ocrx_word' id='word_1_396' title='bbox 109 4485 300 4581; x_wconf 87' lang='lat' dir='ltr'>pientiam,</span> <span class='ocrx_word' id='word_1_397' title='bbox 325 4485 517 4572; x_wconf 90' lang='lat' dir='ltr'>iustitiam,</span> <span class='ocrx_word' id='word_1_398' title='bbox 542 4510 680 4578; x_wconf 85' lang='lat' dir='ltr'>semper</span> <span class='ocrx_word' id='word_1_399' title='bbox 693 4489 790 4558; x_wconf 88' lang='lat' dir='ltr'>adest</span> <span class='ocrx_word' id='word_1_400' title='bbox 806 4488 966 4558; x_wconf 80' lang='lat' dir='ltr'>infirmae</span> <span class='ocrx_word' id='word_1_401' title='bbox 985 4493 1094 4582; x_wconf 77' lang='lat' dir='ltr'>spon-¹</span> 
     </span>
     <span class='ocr_line' id='line_1_48' title="bbox 94 4589 861 4680; baseline 0.007 -25"><span class='ocrx_word' id='word_1_402' title='bbox 94 4591 186 4674; x_wconf 58' lang='grc' dir='ltr'>ἐκ,</span> <span class='ocrx_word' id='word_1_403' title='bbox 210 4601 245 4658; x_wconf 85' lang='lat' dir='ltr'>et</span> <span class='ocrx_word' id='word_1_404' title='bbox 259 4589 343 4680; x_wconf 86' lang='lat' dir='ltr'>tegit</span> <span class='ocrx_word' id='word_1_405' title='bbox 359 4613 435 4658; x_wconf 78' lang='lat' dir='ltr'>earn</span> <span class='ocrx_word' id='word_1_406' title='bbox 450 4589 486 4656; x_wconf 91' lang='lat' dir='ltr'>iu</span> <span class='ocrx_word' id='word_1_407' title='bbox 503 4589 671 4658; x_wconf 89' lang='lat' dir='ltr'>omnibus</span> <span class='ocrx_word' id='word_1_408' title='bbox 684 4589 861 4680; x_wconf 85' lang='lat' dir='ltr'>periculis.</span> 
     </span>
    </p>

    <p class='ocr_par' dir='ltr' id='par_1_9' title="bbox 106 4677 1094 5394">
     <span class='ocr_line' id='line_1_49' title="bbox 213 4677 1092 4782; baseline 0.005 -24"><span class='ocrx_word' id='word_1_409' title='bbox 213 4685 310 4760; x_wconf 83' lang='lat' dir='ltr'>llaec</span> <span class='ocrx_word' id='word_1_410' title='bbox 331 4677 455 4762; x_wconf 81' lang='lat' dir='ltr'>luetlus</span> <span class='ocrx_word' id='word_1_411' title='bbox 477 4689 559 4762; x_wconf 81' lang='lat' dir='ltr'>Filii</span> <span class='ocrx_word' id='word_1_412' title='bbox 581 4689 649 4760; x_wconf 91' lang='lat' dir='ltr'>Dei</span> <span class='ocrx_word' id='word_1_413' title='bbox 678 4693 849 4782; x_wconf 83' lang='lat' dir='ltr'>cogitato,</span> <span class='ocrx_word' id='word_1_414' title='bbox 880 4715 955 4764; x_wconf 88' lang='lat' dir='ltr'>nou</span> <span class='ocrx_word' id='word_1_415' title='bbox 978 4693 1092 4764; x_wconf 89' lang='lat' dir='ltr'>solum</span> 
     </span>
     <span class='ocr_line' id='line_1_50' title="bbox 112 4789 1093 4886; baseline 0.003 -27"><span class='ocrx_word' id='word_1_416' title='bbox 112 4809 194 4878; x_wconf 86' lang='lat' dir='ltr'>eum</span> <span class='ocrx_word' id='word_1_417' title='bbox 214 4791 282 4862; x_wconf 91' lang='lat' dir='ltr'>tibi</span> <span class='ocrx_word' id='word_1_418' title='bbox 304 4793 410 4864; x_wconf 87' lang='lat' dir='ltr'>stanti</span> <span class='ocrx_word' id='word_1_419' title='bbox 433 4791 476 4862; x_wconf 89' lang='lat' dir='ltr'>ad</span> <span class='ocrx_word' id='word_1_420' title='bbox 502 4817 597 4864; x_wconf 88' lang='lat' dir='ltr'>aram</span> <span class='ocrx_word' id='word_1_421' title='bbox 616 4789 712 4862; x_wconf 85' lang='lat' dir='ltr'>Deus</span> <span class='ocrx_word' id='word_1_422' title='bbox 735 4817 900 4886; x_wconf 87' lang='lat' dir='ltr'>sponsam</span> <span class='ocrx_word' id='word_1_423' title='bbox 922 4795 1093 4884; x_wconf 76' lang='lat' dir='ltr'>adiungit,</span> 
     </span>
     <span class='ocr_line' id='line_1_51' title="bbox 110 4895 1092 4987; baseline 0.003 -26"><span class='ocrx_word' id='word_1_424' title='bbox 110 4902 176 4962; x_wconf 81' lang='lat' dir='ltr'>aut</span> <span class='ocrx_word' id='word_1_425' title='bbox 191 4917 269 4962; x_wconf 88' lang='lat' dir='ltr'>eum</span> <span class='ocrx_word' id='word_1_426' title='bbox 282 4897 382 4966; x_wconf 89' lang='lat' dir='ltr'>adest</span> <span class='ocrx_word' id='word_1_427' title='bbox 396 4908 539 4964; x_wconf 87' lang='lat' dir='ltr'>vocatus</span> <span class='ocrx_word' id='word_1_428' title='bbox 552 4895 596 4964; x_wconf 87' lang='lat' dir='ltr'>ad</span> <span class='ocrx_word' id='word_1_429' title='bbox 614 4918 837 4966; x_wconf 90' lang='lat' dir='ltr'>communem</span> <span class='ocrx_word' id='word_1_430' title='bbox 854 4897 1092 4987; x_wconf 81' lang='lat' dir='ltr'>precationem</span> 
     </span>
     <span class='ocr_line' id='line_1_52' title="bbox 109 4993 1093 5092; baseline 0.004 -29"><span class='ocrx_word' id='word_1_431' title='bbox 109 4993 150 5063; x_wconf 90' lang='lat' dir='ltr'>in</span> <span class='ocrx_word' id='word_1_432' title='bbox 167 4995 369 5084; x_wconf 86' lang='lat' dir='ltr'>nuptiarum</span> <span class='ocrx_word' id='word_1_433' title='bbox 385 4995 517 5077; x_wconf 90' lang='lat' dir='ltr'>initiis,</span> <span class='ocrx_word' id='word_1_434' title='bbox 544 4996 724 5066; x_wconf 86' lang='lat' dir='ltr'>sedetiam</span> <span class='ocrx_word' id='word_1_435' title='bbox 749 4997 886 5092; x_wconf 83' lang='lat' dir='ltr'>quoties</span> <span class='ocrx_word' id='word_1_436' title='bbox 909 5023 988 5067; x_wconf 90' lang='lat' dir='ltr'>cum</span> <span class='ocrx_word' id='word_1_437' title='bbox 1010 4997 1093 5067; x_wconf 92' lang='lat' dir='ltr'>dul-</span> 
     </span>
     <span class='ocr_line' id='line_1_53' title="bbox 107 5094 1093 5189; baseline 0 -22"><span class='ocrx_word' id='word_1_438' title='bbox 107 5094 249 5167; x_wconf 83' lang='lat' dir='ltr'>tissima</span> <span class='ocrx_word' id='word_1_439' title='bbox 266 5097 414 5189; x_wconf 79' lang='lat' dir='ltr'>coniuge</span> <span class='ocrx_word' id='word_1_440' title='bbox 428 5111 463 5169; x_wconf 89' lang='lat' dir='ltr'>et</span> <span class='ocrx_word' id='word_1_441' title='bbox 479 5098 550 5168; x_wconf 90' lang='lat' dir='ltr'>tuis</span> <span class='ocrx_word' id='word_1_442' title='bbox 564 5098 656 5168; x_wconf 89' lang='lat' dir='ltr'>natis</span> <span class='ocrx_word' id='word_1_443' title='bbox 677 5100 720 5168; x_wconf 91' lang='lat' dir='ltr'>ad</span> <span class='ocrx_word' id='word_1_444' title='bbox 740 5121 896 5169; x_wconf 87' lang='lat' dir='ltr'>mensam</span> <span class='ocrx_word' id='word_1_445' title='bbox 913 5099 1093 5179; x_wconf 87' lang='lat' dir='ltr'>assidebis,</span> 
     </span>
     <span class='ocr_line' id='line_1_54' title="bbox 106 5193 1094 5290; baseline 0.002 -22"><span class='ocrx_word' id='word_1_446' title='bbox 106 5209 171 5268; x_wconf 89' lang='lat' dir='ltr'>aut</span> <span class='ocrx_word' id='word_1_447' title='bbox 195 5195 232 5265; x_wconf 91' lang='lat' dir='ltr'>in</span> <span class='ocrx_word' id='word_1_448' title='bbox 259 5193 453 5268; x_wconf 86' lang='lat' dir='ltr'>thalamum</span> <span class='ocrx_word' id='word_1_449' title='bbox 483 5202 646 5282; x_wconf 78' lang='lat' dir='ltr'>accedes,</span> <span class='ocrx_word' id='word_1_450' title='bbox 675 5199 864 5290; x_wconf 84' lang='lat' dir='ltr'>imaginem</span> <span class='ocrx_word' id='word_1_451' title='bbox 898 5203 1031 5271; x_wconf 90' lang='lat' dir='ltr'>amoris</span> <span class='ocrx_word' id='word_1_452' title='bbox 1060 5213 1094 5270; x_wconf 89' lang='lat' dir='ltr'>et</span> 
     </span>
     <span class='ocr_line' id='line_1_55' title="bbox 106 5299 1093 5394; baseline -0.001 -23"><span class='ocrx_word' id='word_1_453' title='bbox 106 5299 359 5372; x_wconf 83' lang='lat' dir='ltr'>betteliciorum</span> <span class='ocrx_word' id='word_1_454' title='bbox 385 5299 469 5372; x_wconf 81' lang='lat' dir='ltr'>Filii</span> <span class='ocrx_word' id='word_1_455' title='bbox 491 5299 560 5372; x_wconf 87' lang='lat' dir='ltr'>Dei</span> <span class='ocrx_word' id='word_1_456' title='bbox 582 5303 621 5374; x_wconf 92' lang='lat' dir='ltr'>iu</span> <span class='ocrx_word' id='word_1_457' title='bbox 645 5302 786 5374; x_wconf 87' lang='lat' dir='ltr'>loedere</span> <span class='ocrx_word' id='word_1_458' title='bbox 810 5301 965 5394; x_wconf 85' lang='lat' dir='ltr'>coniugii</span> <span class='ocrx_word' id='word_1_459' title='bbox 990 5301 1093 5372; x_wconf 87' lang='lat' dir='ltr'>nobis</span> 
     </span>
    </p>
   </div>
   <div class='ocr_carea' id='block_1_7' title="bbox 1075 1833 2226 1940">
    <p class='ocr_par' dir='ltr' id='par_1_10' title="bbox 1075 1833 2226 1940">
     <span class='ocr_line' id='line_1_56' title="bbox 1075 1833 2226 1940; baseline 0.005 -31"><span class='ocrx_word' id='word_1_460' title='bbox 1075 1889 1086 1900; x_wconf 78' lang='lat'>-</span> <span class='ocrx_word' id='word_1_461' title='bbox 1158 1849 1191 1910; x_wconf 87' lang='lat' dir='ltr'>et</span> <span class='ocrx_word' id='word_1_462' title='bbox 1214 1833 1347 1908; x_wconf 88' lang='lat' dir='ltr'>atrocia</span> <span class='ocrx_word' id='word_1_463' title='bbox 1370 1837 1518 1925; x_wconf 87' lang='lat' dir='ltr'>scelera,</span> <span class='ocrx_word' id='word_1_464' title='bbox 1543 1839 1673 1933; x_wconf 87' lang='lat' dir='ltr'>quibus</span> <span class='ocrx_word' id='word_1_465' title='bbox 1694 1843 1933 1916; x_wconf 87' lang='lat' dir='ltr'>dilacerantur</span> <span class='ocrx_word' id='word_1_466' title='bbox 1957 1839 2145 1914; x_wconf 90' lang='lat' dir='ltr'>hominum</span> <span class='ocrx_word' id='word_1_467' title='bbox 2221 1925 2226 1940; x_wconf 30' lang='grc' dir='ltr'>ι</span> 
     </span>
    </p>
   </div>
   <div class='ocr_carea' id='block_1_8' title="bbox 1152 1937 2164 2646">
    <p class='ocr_par' dir='ltr' id='par_1_11' title="bbox 1152 1937 2164 2531">
     <span class='ocr_line' id='line_1_57' title="bbox 1156 1937 2144 2036; baseline 0.008 -26"><span class='ocrx_word' id='word_1_468' title='bbox 1156 1953 1293 2024; x_wconf 85' lang='lat' dir='ltr'>coetus,</span> <span class='ocrx_word' id='word_1_469' title='bbox 1317 1937 1705 2034; x_wconf 81' lang='lat' dir='ltr'>manifestiseremplis</span> <span class='ocrx_word' id='word_1_470' title='bbox 1730 1945 1896 2036; x_wconf 75' lang='lat' dir='ltr'>puniret,</span> <span class='ocrx_word' id='word_1_471' title='bbox 1917 1960 1952 2018; x_wconf 89' lang='lat' dir='ltr'>et</span> <span class='ocrx_word' id='word_1_472' title='bbox 1975 1948 2014 2015; x_wconf 92' lang='lat' dir='ltr'>in</span> <span class='ocrx_word' id='word_1_473' title='bbox 2039 1947 2144 2018; x_wconf 88' lang='lat' dir='ltr'>bellis</span> 
     </span>
     <span class='ocr_line' id='line_1_58' title="bbox 1155 2039 2145 2142; baseline 0.009 -28"><span class='ocrx_word' id='word_1_474' title='bbox 1155 2039 1349 2114; x_wconf 84' lang='lat' dir='ltr'>Ecclesiam</span> <span class='ocrx_word' id='word_1_475' title='bbox 1364 2061 1464 2110; x_wconf 89' lang='lat' dir='ltr'>suam</span> <span class='ocrx_word' id='word_1_476' title='bbox 1480 2055 1622 2134; x_wconf 85' lang='lat' dir='ltr'>tegeret.</span> <span class='ocrx_word' id='word_1_477' title='bbox 1675 2043 1772 2117; x_wconf 87' lang='lat' dir='ltr'>Haec</span> <span class='ocrx_word' id='word_1_478' title='bbox 1787 2048 1993 2142; x_wconf 88' lang='lat' dir='ltr'>quotidiana</span> <span class='ocrx_word' id='word_1_479' title='bbox 2010 2061 2145 2140; x_wconf 85' lang='lat' dir='ltr'>specta·</span> 
     </span>
     <span class='ocr_line' id='line_1_59' title="bbox 1156 2143 2164 2260; baseline 0.008 -46"><span class='ocrx_word' id='word_1_480' title='bbox 1156 2144 1235 2214; x_wconf 91' lang='lat' dir='ltr'>cula</span> <span class='ocrx_word' id='word_1_481' title='bbox 1253 2165 1333 2212; x_wconf 90' lang='lat' dir='ltr'>cum</span> <span class='ocrx_word' id='word_1_482' title='bbox 1351 2143 1546 2260; x_wconf 57' lang='lat' dir='ltr'>cernimup,</span> <span class='ocrx_word' id='word_1_483' title='bbox 1573 2158 1607 2216; x_wconf 91' lang='lat' dir='ltr'>et</span> <span class='ocrx_word' id='word_1_484' title='bbox 1625 2149 1865 2222; x_wconf 87' lang='lat' dir='ltr'>cum&#39;videmu</span> <span class='ocrx_word' id='word_1_485' title='bbox 1906 2173 1973 2220; x_wconf 87' lang='lat' dir='ltr'>nos</span> <span class='ocrx_word' id='word_1_486' title='bbox 1992 2143 2088 2242; x_wconf 84' lang='lat' dir='ltr'>ipsos&#39;</span> <span class='ocrx_word' id='word_1_487' title='bbox 2110 2164 2164 2222; x_wconf 74' lang='lat' dir='ltr'>et·</span> 
     </span>
     <span class='ocr_line' id='line_1_60' title="bbox 1155 2244 2145 2342; baseline 0.002 -28"><span class='ocrx_word' id='word_1_488' title='bbox 1155 2246 1295 2314; x_wconf 88' lang='lat' dir='ltr'>infirma</span> <span class='ocrx_word' id='word_1_489' title='bbox 1322 2244 1463 2332; x_wconf 82' lang='lat' dir='ltr'>agmina</span> <span class='ocrx_word' id='word_1_490' title='bbox 1490 2259 1613 2318; x_wconf 87' lang='lat' dir='ltr'>nostra</span> <span class='ocrx_word' id='word_1_491' title='bbox 1640 2249 1813 2322; x_wconf 80' lang='lat' dir='ltr'>mirandis</span> <span class='ocrx_word' id='word_1_492' title='bbox 1847 2252 1963 2324; x_wconf 89' lang='lat' dir='ltr'>modis</span> <span class='ocrx_word' id='word_1_493' title='bbox 1997 2251 2145 2342; x_wconf 75' lang='lat' dir='ltr'>protegi,</span> 
     </span>
     <span class='ocr_line' id='line_1_61' title="bbox 1154 2345 2143 2446; baseline 0.005 -29"><span class='ocrx_word' id='word_1_494' title='bbox 1154 2349 1222 2434; x_wconf 86' lang='lat' dir='ltr'>ali,</span> <span class='ocrx_word' id='word_1_495' title='bbox 1245 2345 1392 2416; x_wconf 87' lang='lat' dir='ltr'>liberari</span> <span class='ocrx_word' id='word_1_496' title='bbox 1408 2360 1442 2418; x_wconf 87' lang='lat' dir='ltr'>et</span> <span class='ocrx_word' id='word_1_497' title='bbox 1457 2350 1589 2420; x_wconf 88' lang='lat' dir='ltr'>servari</span> <span class='ocrx_word' id='word_1_498' title='bbox 1604 2349 1713 2420; x_wconf 88' lang='lat' dir='ltr'>vitam</span> <span class='ocrx_word' id='word_1_499' title='bbox 1731 2353 1942 2446; x_wconf 83' lang='lat' dir='ltr'>coniugum,</span> <span class='ocrx_word' id='word_1_500' title='bbox 1967 2355 2025 2424; x_wconf 81' lang='lat' dir='ltr'>liat</span> <span class='ocrx_word' id='word_1_501' title='bbox 2037 2355 2143 2424; x_wconf 90' lang='lat' dir='ltr'>etiam</span> 
     </span>
     <span class='ocr_line' id='line_1_62' title="bbox 1152 2447 1823 2531; baseline 0.007 -9"><span class='ocrx_word' id='word_1_502' title='bbox 1152 2447 1366 2522; x_wconf 54' lang='lat' dir='ltr'>‘exercitium</span> <span class='ocrx_word' id='word_1_503' title='bbox 1377 2471 1479 2531; x_wconf 82' lang='lat' dir='ltr'>verae</span> <span class='ocrx_word' id='word_1_504' title='bbox 1493 2451 1729 2526; x_wconf 87' lang='lat' dir='ltr'>invocationis</span> <span class='ocrx_word' id='word_1_505' title='bbox 1743 2453 1823 2528; x_wconf 83' lang='lat' dir='ltr'>Dei.</span> 
     </span>
    </p>

    <p class='ocr_par' dir='ltr' id='par_1_12' title="bbox 1255 2549 2143 2646">
     <span class='ocr_line' id='line_1_63' title="bbox 1255 2549 2143 2646; baseline 0.007 -26"><span class='ocrx_word' id='word_1_506' title='bbox 1255 2549 1351 2620; x_wconf 86' lang='lat' dir='ltr'>Haec</span> <span class='ocrx_word' id='word_1_507' title='bbox 1368 2551 1491 2642; x_wconf 88' lang='lat' dir='ltr'>scripsi</span> <span class='ocrx_word' id='word_1_508' title='bbox 1505 2553 1678 2640; x_wconf 87' lang='lat' dir='ltr'>breviter,</span> <span class='ocrx_word' id='word_1_509' title='bbox 1703 2579 1831 2646; x_wconf 86' lang='lat' dir='ltr'>genera</span> <span class='ocrx_word' id='word_1_510' title='bbox 1848 2582 1909 2630; x_wconf 86' lang='lat' dir='ltr'>seu</span> <span class='ocrx_word' id='word_1_511' title='bbox 1926 2557 2044 2630; x_wconf 86' lang='lat' dir='ltr'>lontes</span> <span class='ocrx_word' id='word_1_512' title='bbox 2056 2582 2143 2628; x_wconf 89' lang='lat' dir='ltr'>con-</span> 
     </span>
    </p>
   </div>
   <div class='ocr_carea' id='block_1_9' title="bbox 1155 2653 2251 2755">
    <p class='ocr_par' dir='ltr' id='par_1_13' title="bbox 1155 2653 2251 2755">
     <span class='ocr_line' id='line_1_64' title="bbox 1155 2653 2251 2755; baseline 0.006 -33"><span class='ocrx_word' id='word_1_513' title='bbox 1155 2653 1362 2724; x_wconf 88' lang='lat' dir='ltr'>solationem</span> <span class='ocrx_word' id='word_1_514' title='bbox 1379 2664 1561 2747; x_wconf 82' lang='lat' dir='ltr'>utcunque</span> <span class='ocrx_word' id='word_1_515' title='bbox 1576 2657 1747 2743; x_wconf 87' lang='lat' dir='ltr'>recitans,</span> <span class='ocrx_word' id='word_1_516' title='bbox 1772 2661 1985 2741; x_wconf 88' lang='lat' dir='ltr'>consilium,</span> <span class='ocrx_word' id='word_1_517' title='bbox 2010 2659 2164 2755; x_wconf 24' lang='lat' dir='ltr'>volone!</span> <span class='ocrx_word' id='word_1_518' title='bbox 2247 2663 2251 2671; x_wconf 89' lang='lat'>&#39;</span> 
     </span>
    </p>
   </div>
   <div class='ocr_carea' id='block_1_10' title="bbox 1151 2754 2141 3264">
    <p class='ocr_par' dir='ltr' id='par_1_14' title="bbox 1151 2754 2197 3264">
     <span class='ocr_line' id='line_1_65' title="bbox 1154 2754 2141 2852; baseline 0.001 -26"><span class='ocrx_word' id='word_1_519' title='bbox 1154 2770 1278 2840; x_wconf 90' lang='lat' dir='ltr'>tatem,</span> <span class='ocrx_word' id='word_1_520' title='bbox 1305 2767 1339 2824; x_wconf 89' lang='lat' dir='ltr'>et</span> <span class='ocrx_word' id='word_1_521' title='bbox 1363 2757 1569 2828; x_wconf 80' lang='lat' dir='ltr'>mandatum</span> <span class='ocrx_word' id='word_1_522' title='bbox 1586 2754 1674 2843; x_wconf 89' lang='lat' dir='ltr'>Dei,</span> <span class='ocrx_word' id='word_1_523' title='bbox 1688 2761 1905 2832; x_wconf 81' lang='lat' dir='ltr'>testimonia·</span> <span class='ocrx_word' id='word_1_524' title='bbox 1924 2761 2141 2852; x_wconf 84' lang='lat' dir='ltr'>praesentiae</span> 
     </span>
     <span class='ocr_line' id='line_1_66' title="bbox 1152 2853 2140 2950; baseline 0.005 -23"><span class='ocrx_word' id='word_1_525' title='bbox 1152 2857 1222 2938; x_wconf 84' lang='lat' dir='ltr'>Dei</span> <span class='ocrx_word' id='word_1_526' title='bbox 1244 2855 1284 2926; x_wconf 90' lang='lat' dir='ltr'>in</span> <span class='ocrx_word' id='word_1_527' title='bbox 1305 2853 1491 2946; x_wconf 86' lang='lat' dir='ltr'>coniugio,</span> <span class='ocrx_word' id='word_1_528' title='bbox 1529 2878 1660 2950; x_wconf 87' lang='lat' dir='ltr'>poenas</span> <span class='ocrx_word' id='word_1_529' title='bbox 1691 2861 1900 2934; x_wconf 89' lang='lat' dir='ltr'>violantium</span> <span class='ocrx_word' id='word_1_530' title='bbox 1932 2864 2140 2932; x_wconf 85' lang='lat' dir='ltr'>or&#39;dinema</span> 
     </span>
     <span class='ocr_line' id='line_1_67' title="bbox 1152 2955 2140 3054; baseline 0.006 -26"><span class='ocrx_word' id='word_1_531' title='bbox 1152 2957 1228 3028; x_wconf 92' lang='lat' dir='ltr'>Deo</span> <span class='ocrx_word' id='word_1_532' title='bbox 1244 2957 1438 3043; x_wconf 88' lang='lat' dir='ltr'>sancitum,</span> <span class='ocrx_word' id='word_1_533' title='bbox 1466 2976 1569 3053; x_wconf 86' lang='lat' dir='ltr'>teque</span> <span class='ocrx_word' id='word_1_534' title='bbox 1582 2955 1772 3048; x_wconf 86' lang='lat' dir='ltr'>adhortor,</span> <span class='ocrx_word' id='word_1_535' title='bbox 1797 2959 1980 3038; x_wconf 61' lang='lat' dir='ltr'>orbarum</span> <span class='ocrx_word' id='word_1_536' title='bbox 2004 2964 2140 3054; x_wconf 86' lang='lat' dir='ltr'>gravis-</span> 
     </span>
     <span class='ocr_line' id='line_1_68' title="bbox 1151 3061 2139 3152; baseline 0.005 -22"><span class='ocrx_word' id='word_1_537' title='bbox 1151 3061 1322 3136; x_wconf 88' lang='lat' dir='ltr'>simarum</span> <span class='ocrx_word' id='word_1_538' title='bbox 1338 3081 1456 3130; x_wconf 86' lang='lat' dir='ltr'>rerum</span> <span class='ocrx_word' id='word_1_539' title='bbox 1473 3062 1686 3152; x_wconf 83' lang='lat' dir='ltr'>cogitatione</span> <span class='ocrx_word' id='word_1_540' title='bbox 1700 3066 1947 3148; x_wconf 84' lang='lat' dir='ltr'>confirmatus,</span> <span class='ocrx_word' id='word_1_541' title='bbox 1973 3089 2139 3136; x_wconf 83' lang='lat' dir='ltr'>reveren-</span> 
     </span>
     <span class='ocr_line' id='line_1_69' title="bbox 1153 3156 2139 3264; baseline 0.003 -31"><span class='ocrx_word' id='word_1_542' title='bbox 1153 3179 1205 3234; x_wconf 92' lang='lat' dir='ltr'>ter</span> <span class='ocrx_word' id='word_1_543' title='bbox 1220 3163 1264 3232; x_wconf 92' lang='lat' dir='ltr'>de</span> <span class='ocrx_word' id='word_1_544' title='bbox 1285 3156 1353 3230; x_wconf 90' lang='lat' dir='ltr'>hoc</span> <span class='ocrx_word' id='word_1_545' title='bbox 1368 3161 1460 3231; x_wconf 90' lang='lat' dir='ltr'>vitae</span> <span class='ocrx_word' id='word_1_546' title='bbox 1474 3185 1601 3252; x_wconf 86' lang='lat' dir='ltr'>genere</span> <span class='ocrx_word' id='word_1_547' title='bbox 1615 3166 1762 3252; x_wconf 87' lang='lat' dir='ltr'>sentias,</span> <span class='ocrx_word' id='word_1_548' title='bbox 1789 3181 1822 3237; x_wconf 91' lang='lat' dir='ltr'>et</span> <span class='ocrx_word' id='word_1_549' title='bbox 1837 3162 1930 3238; x_wconf 87' lang='lat' dir='ltr'>hanc</span> <span class='ocrx_word' id='word_1_550' title='bbox 1946 3161 2002 3264; x_wconf 91' lang='lat' dir='ltr'>(ut</span> <span class='ocrx_word' id='word_1_551' title='bbox 2022 3167 2139 3236; x_wconf 78' lang='lat' dir='ltr'>nonai-</span> 
     </span>
    </p>
   </div>
   <div class='ocr_carea' id='block_1_11' title="bbox 1151 3261 2270 3360">
    <p class='ocr_par' dir='ltr' id='par_1_15' title="bbox 1151 3261 2270 3360">
     <span class='ocr_line' id='line_1_70' title="bbox 1151 3261 2270 3360; baseline 0.003 -25"><span class='ocrx_word' id='word_1_552' title='bbox 1151 3261 1257 3358; x_wconf 88' lang='lat' dir='ltr'>naot)</span> <span class='ocrx_word' id='word_1_553' title='bbox 1282 3261 1487 3333; x_wconf 86' lang='lat' dir='ltr'>servitutem</span> <span class='ocrx_word' id='word_1_554' title='bbox 1512 3265 1650 3356; x_wconf 87' lang='lat' dir='ltr'>placide</span> <span class='ocrx_word' id='word_1_555' title='bbox 1672 3271 1774 3343; x_wconf 84' lang='lat' dir='ltr'>ieras.</span> <span class='ocrx_word' id='word_1_556' title='bbox 1827 3267 1878 3340; x_wconf 90' lang='lat' dir='ltr'>lta</span> <span class='ocrx_word' id='word_1_557' title='bbox 1900 3293 1979 3339; x_wconf 90' lang='lat' dir='ltr'>cum</span> <span class='ocrx_word' id='word_1_558' title='bbox 2006 3271 2044 3338; x_wconf 92' lang='lat' dir='ltr'>in</span> <span class='ocrx_word' id='word_1_559' title='bbox 2063 3267 2144 3342; x_wconf 75' lang='lat' dir='ltr'>Deo,</span> <span class='ocrx_word' id='word_1_560' title='bbox 2254 3285 2270 3360; x_wconf 55' lang='grc' dir='ltr'>ᾗ</span> 
     </span>
    </p>
   </div>
   <div class='ocr_carea' id='block_1_12' title="bbox 1151 3365 2139 3460">
    <p class='ocr_par' dir='ltr' id='par_1_16' title="bbox 1151 3365 2139 3460">
     <span class='ocr_line' id='line_1_71' title="bbox 1151 3365 2139 3460; baseline 0.007 -26"><span class='ocrx_word' id='word_1_561' title='bbox 1151 3368 1348 3460; x_wconf 84' lang='lat' dir='ltr'>acquiescet</span> <span class='ocrx_word' id='word_1_562' title='bbox 1367 3365 1507 3436; x_wconf 85' lang='lat' dir='ltr'>animus</span> <span class='ocrx_word' id='word_1_563' title='bbox 1526 3380 1624 3451; x_wconf 87' lang='lat' dir='ltr'>tuus,</span> <span class='ocrx_word' id='word_1_564' title='bbox 1649 3393 1722 3438; x_wconf 89' lang='lat' dir='ltr'>non</span> <span class='ocrx_word' id='word_1_565' title='bbox 1745 3371 1861 3440; x_wconf 88' lang='lat' dir='ltr'>solum</span> <span class='ocrx_word' id='word_1_566' title='bbox 1885 3373 2029 3442; x_wconf 81' lang='lat' dir='ltr'>adversa</span> <span class='ocrx_word' id='word_1_567' title='bbox 2051 3371 2139 3441; x_wconf 84' lang='lat' dir='ltr'>laci·</span> 
     </span>
    </p>
   </div>
   <div class='ocr_carea' id='block_1_13' title="bbox 1150 3453 2254 3562">
    <p class='ocr_par' dir='ltr' id='par_1_17' title="bbox 1150 3453 2254 3562">
     <span class='ocr_line' id='line_1_72' title="bbox 1150 3453 2254 3562; baseline 0.003 -24"><span class='ocrx_word' id='word_1_568' title='bbox 1150 3471 1220 3538; x_wconf 90' lang='lat' dir='ltr'>lius</span> <span class='ocrx_word' id='word_1_569' title='bbox 1245 3453 1434 3552; x_wconf 79' lang='lat' dir='ltr'>tolerabis,</span> <span class='ocrx_word' id='word_1_570' title='bbox 1467 3481 1500 3538; x_wconf 90' lang='lat' dir='ltr'>et</span> <span class='ocrx_word' id='word_1_571' title='bbox 1524 3469 1650 3540; x_wconf 89' lang='lat' dir='ltr'>fiducia</span> <span class='ocrx_word' id='word_1_572' title='bbox 1677 3472 1893 3562; x_wconf 89' lang='lat' dir='ltr'>praesentiae</span> <span class='ocrx_word' id='word_1_573' title='bbox 1917 3469 1984 3542; x_wconf 82' lang='lat' dir='ltr'>D&#39;ei</span> <span class='ocrx_word' id='word_1_574' title='bbox 2008 3475 2137 3554; x_wconf 84' lang='lat' dir='ltr'>vinces,</span> <span class='ocrx_word' id='word_1_575' title='bbox 2232 3485 2254 3540; x_wconf 83' lang='grc'>.·</span> 
     </span>
    </p>
   </div>
   <div class='ocr_carea' id='block_1_14' title="bbox 1142 3569 2225 5397">
    <p class='ocr_par' dir='ltr' id='par_1_18' title="bbox 1148 3569 2136 3846">
     <span class='ocr_line' id='line_1_73' title="bbox 1149 3569 2136 3664; baseline 0.002 -22"><span class='ocrx_word' id='word_1_576' title='bbox 1149 3573 1209 3642; x_wconf 91' lang='lat' dir='ltr'>sed</span> <span class='ocrx_word' id='word_1_577' title='bbox 1227 3571 1275 3643; x_wconf 87' lang='lat' dir='ltr'>ita</span> <span class='ocrx_word' id='word_1_578' title='bbox 1291 3569 1353 3639; x_wconf 89' lang='lat' dir='ltr'>illa</span> <span class='ocrx_word' id='word_1_579' title='bbox 1368 3569 1540 3650; x_wconf 87' lang='lat' dir='ltr'>suavitas,</span> <span class='ocrx_word' id='word_1_580' title='bbox 1567 3595 1672 3664; x_wconf 83' lang='lat' dir='ltr'>quam</span> <span class='ocrx_word' id='word_1_581' title='bbox 1690 3587 1816 3644; x_wconf 87' lang='lat' dir='ltr'>natura</span> <span class='ocrx_word' id='word_1_582' title='bbox 1840 3577 2006 3646; x_wconf 82' lang='lat' dir='ltr'>adierunt</span> <span class='ocrx_word' id='word_1_583' title='bbox 2029 3576 2136 3644; x_wconf 84' lang='lat' dir='ltr'>maris</span> 
     </span>
     <span class='ocr_line' id='line_1_74' title="bbox 1150 3672 2135 3768; baseline 0 -24"><span class='ocrx_word' id='word_1_584' title='bbox 1150 3687 1185 3744; x_wconf 87' lang='lat' dir='ltr'>et</span> <span class='ocrx_word' id='word_1_585' title='bbox 1213 3672 1390 3742; x_wconf 85' lang='lat' dir='ltr'>foeminae</span> <span class='ocrx_word' id='word_1_586' title='bbox 1422 3672 1647 3760; x_wconf 89' lang='lat' dir='ltr'>coniunctio,</span> <span class='ocrx_word' id='word_1_587' title='bbox 1690 3689 1724 3747; x_wconf 90' lang='lat' dir='ltr'>et</span> <span class='ocrx_word' id='word_1_588' title='bbox 1756 3676 1889 3748; x_wconf 89' lang='lat' dir='ltr'>sobolis</span> <span class='ocrx_word' id='word_1_589' title='bbox 1914 3677 2135 3768; x_wconf 87' lang='lat' dir='ltr'>procreatio,</span> 
     </span>
     <span class='ocr_line' id='line_1_75' title="bbox 1148 3774 1566 3846; baseline -0.007 0"><span class='ocrx_word' id='word_1_590' title='bbox 1148 3775 1287 3846; x_wconf 89' lang='lat' dir='ltr'>dulcior</span> <span class='ocrx_word' id='word_1_591' title='bbox 1303 3774 1382 3846; x_wconf 86' lang='lat' dir='ltr'>erit.</span> <span class='ocrx_word' id='word_1_592' title='bbox 1560 3775 1566 3788; x_wconf 59' lang='lat'>‘</span> 
     </span>
    </p>

    <p class='ocr_par' dir='ltr' id='par_1_19' title="bbox 1144 3872 2225 4762">
     <span class='ocr_line' id='line_1_76' title="bbox 1249 3872 2134 3969; baseline 0.005 -23"><span class='ocrx_word' id='word_1_593' title='bbox 1249 3872 1555 3946; x_wconf 85' lang='lat' dir='ltr'>Adderemetiam</span> <span class='ocrx_word' id='word_1_594' title='bbox 1580 3891 1763 3969; x_wconf 83' lang='lat' dir='ltr'>praecepta</span> <span class='ocrx_word' id='word_1_595' title='bbox 1794 3879 1838 3947; x_wconf 85' lang='lat' dir='ltr'>de</span> <span class='ocrx_word' id='word_1_596' title='bbox 1869 3879 1994 3950; x_wconf 81' lang='lat' dir='ltr'>officiis</span> <span class='ocrx_word' id='word_1_597' title='bbox 2014 3879 2134 3950; x_wconf 87' lang='lat' dir='ltr'>mariti</span> 
     </span>
     <span class='ocr_line' id='line_1_77' title="bbox 1148 3979 2135 4076; baseline 0.004 -28"><span class='ocrx_word' id='word_1_598' title='bbox 1148 4001 1228 4068; x_wconf 87' lang='lat' dir='ltr'>erga</span> <span class='ocrx_word' id='word_1_599' title='bbox 1252 4000 1416 4062; x_wconf 82' lang='lat' dir='ltr'>uxorem,</span> <span class='ocrx_word' id='word_1_600' title='bbox 1442 3993 1476 4048; x_wconf 90' lang='lat' dir='ltr'>et</span> <span class='ocrx_word' id='word_1_601' title='bbox 1494 3979 1614 4048; x_wconf 81' lang='lat' dir='ltr'>uxoris</span> <span class='ocrx_word' id='word_1_602' title='bbox 1638 4001 1721 4068; x_wconf 85' lang='lat' dir='ltr'>erga</span> <span class='ocrx_word' id='word_1_603' title='bbox 1738 3981 1925 4067; x_wconf 90' lang='lat' dir='ltr'>maritum,</span> <span class='ocrx_word' id='word_1_604' title='bbox 1958 3983 2029 4052; x_wconf 90' lang='lat' dir='ltr'>nisi</span> <span class='ocrx_word' id='word_1_605' title='bbox 2052 4007 2135 4076; x_wconf 89' lang='lat' dir='ltr'>pro-</span> 
     </span>
     <span class='ocr_line' id='line_1_78' title="bbox 1148 4073 2135 4178; baseline 0.008 -30"><span class='ocrx_word' id='word_1_606' title='bbox 1148 4081 1254 4149; x_wconf 89' lang='lat' dir='ltr'>lixior</span> <span class='ocrx_word' id='word_1_607' title='bbox 1275 4073 1361 4148; x_wconf 88' lang='lat' dir='ltr'>haec</span> <span class='ocrx_word' id='word_1_608' title='bbox 1384 4079 1672 4150; x_wconf 89' lang='lat' dir='ltr'>commemoratio</span> <span class='ocrx_word' id='word_1_609' title='bbox 1694 4081 1813 4151; x_wconf 87' lang='lat' dir='ltr'>futura</span> <span class='ocrx_word' id='word_1_610' title='bbox 1837 4097 1940 4164; x_wconf 87' lang='lat' dir='ltr'>esset,</span> <span class='ocrx_word' id='word_1_611' title='bbox 1964 4095 2069 4178; x_wconf 88' lang='lat' dir='ltr'>quam</span> <span class='ocrx_word' id='word_1_612' title='bbox 2095 4102 2135 4158; x_wconf 92' lang='lat' dir='ltr'>ut</span> 
     </span>
     <span class='ocr_line' id='line_1_79' title="bbox 1147 4177 2134 4273; baseline 0.004 -21"><span class='ocrx_word' id='word_1_613' title='bbox 1147 4184 1186 4252; x_wconf 90' lang='lat' dir='ltr'>in</span> <span class='ocrx_word' id='word_1_614' title='bbox 1202 4177 1269 4253; x_wconf 86' lang='lat' dir='ltr'>hac</span> <span class='ocrx_word' id='word_1_615' title='bbox 1285 4203 1415 4273; x_wconf 89' lang='lat' dir='ltr'>pompa</span> <span class='ocrx_word' id='word_1_616' title='bbox 1431 4180 1583 4269; x_wconf 86' lang='lat' dir='ltr'>nuptiali</span> <span class='ocrx_word' id='word_1_617' title='bbox 1607 4195 1724 4272; x_wconf 85' lang='lat' dir='ltr'>posset</span> <span class='ocrx_word' id='word_1_618' title='bbox 1746 4183 1827 4273; x_wconf 83' lang='lat' dir='ltr'>legi.</span> <span class='ocrx_word' id='word_1_619' title='bbox 1879 4183 1948 4256; x_wconf 88' lang='lat' dir='ltr'>Sed</span> <span class='ocrx_word' id='word_1_620' title='bbox 1973 4187 2134 4256; x_wconf 84' lang='lat' dir='ltr'>linuissi·</span> 
     </span>
     <span class='ocr_line' id='line_1_80' title="bbox 1146 4281 2133 4382; baseline 0.002 -28"><span class='ocrx_word' id='word_1_621' title='bbox 1146 4295 1316 4356; x_wconf 86' lang='lat' dir='ltr'>mumest</span> <span class='ocrx_word' id='word_1_622' title='bbox 1338 4281 1520 4352; x_wconf 84' lang='lat' dir='ltr'>vinculum</span> <span class='ocrx_word' id='word_1_623' title='bbox 1545 4285 1659 4353; x_wconf 89' lang='lat' dir='ltr'>mutui</span> <span class='ocrx_word' id='word_1_624' title='bbox 1676 4286 1807 4356; x_wconf 88' lang='lat' dir='ltr'>amoris</span> <span class='ocrx_word' id='word_1_625' title='bbox 1821 4285 1916 4356; x_wconf 88' lang='lat' dir='ltr'>inter</span> <span class='ocrx_word' id='word_1_626' title='bbox 1930 4311 2010 4373; x_wconf 86' lang='lat' dir='ltr'>vos,</span> <span class='ocrx_word' id='word_1_627' title='bbox 2036 4289 2133 4382; x_wconf 90' lang='lat' dir='ltr'>quod</span> 
     </span>
     <span class='ocr_line' id='line_1_81' title="bbox 1146 4381 2131 4482; baseline 0.002 -28"><span class='ocrx_word' id='word_1_628' title='bbox 1146 4399 1281 4456; x_wconf 86' lang='lat' dir='ltr'>mentes</span> <span class='ocrx_word' id='word_1_629' title='bbox 1302 4395 1438 4453; x_wconf 86' lang='lat' dir='ltr'>vestrae</span> <span class='ocrx_word' id='word_1_630' title='bbox 1460 4381 1593 4475; x_wconf 88' lang='lat' dir='ltr'>pariter</span> <span class='ocrx_word' id='word_1_631' title='bbox 1608 4383 1647 4454; x_wconf 88' lang='lat' dir='ltr'>iu</span> <span class='ocrx_word' id='word_1_632' title='bbox 1661 4383 1738 4456; x_wconf 88' lang='lat' dir='ltr'>Deo</span> <span class='ocrx_word' id='word_1_633' title='bbox 1760 4409 1872 4457; x_wconf 78' lang='lat' dir='ltr'>tanum</span> <span class='ocrx_word' id='word_1_634' title='bbox 1889 4403 1990 4474; x_wconf 89' lang='lat' dir='ltr'>sunt,</span> <span class='ocrx_word' id='word_1_635' title='bbox 2017 4391 2131 4482; x_wconf 86' lang='lat' dir='ltr'>quod-</span> 
     </span>
     <span class='ocr_line' id='line_1_82' title="bbox 1145 4483 2132 4581; baseline 0.003 -25"><span class='ocrx_word' id='word_1_636' title='bbox 1145 4509 1215 4581; x_wconf 88' lang='lat' dir='ltr'>que</span> <span class='ocrx_word' id='word_1_637' title='bbox 1231 4509 1294 4556; x_wconf 81' lang='lat' dir='ltr'>ros</span> <span class='ocrx_word' id='word_1_638' title='bbox 1316 4497 1440 4556; x_wconf 89' lang='lat' dir='ltr'>mutuo</span> <span class='ocrx_word' id='word_1_639' title='bbox 1465 4483 1606 4576; x_wconf 81' lang='lat' dir='ltr'>amatis,</span> <span class='ocrx_word' id='word_1_640' title='bbox 1632 4487 1719 4580; x_wconf 88' lang='lat' dir='ltr'>quia</span> <span class='ocrx_word' id='word_1_641' title='bbox 1742 4483 1820 4559; x_wconf 86' lang='lat' dir='ltr'>Deo</span> <span class='ocrx_word' id='word_1_642' title='bbox 1842 4489 1988 4559; x_wconf 90' lang='lat' dir='ltr'>obedire</span> <span class='ocrx_word' id='word_1_643' title='bbox 2010 4493 2132 4559; x_wconf 85' lang='lat' dir='ltr'>decre-</span> 
     </span>
     <span class='ocr_line' id='line_1_83' title="bbox 1146 4584 2225 4672; baseline 0.008 -16"><span class='ocrx_word' id='word_1_644' title='bbox 1146 4589 1257 4662; x_wconf 86' lang='lat' dir='ltr'>vistis.</span> <span class='ocrx_word' id='word_1_645' title='bbox 1305 4584 1413 4656; x_wconf 84' lang='lat' dir='ltr'>Nulla</span> <span class='ocrx_word' id='word_1_646' title='bbox 1436 4585 1533 4657; x_wconf 89' lang='lat' dir='ltr'>enim</span> <span class='ocrx_word' id='word_1_647' title='bbox 1555 4589 1721 4660; x_wconf 88' lang='lat' dir='ltr'>estfirma</span> <span class='ocrx_word' id='word_1_648' title='bbox 1737 4590 1909 4672; x_wconf 82' lang='lat' dir='ltr'>amicitia,</span> <span class='ocrx_word' id='word_1_649' title='bbox 1935 4589 2132 4664; x_wconf 85' lang='lat' dir='ltr'>nisialleo</span> <span class='ocrx_word' id='word_1_650' title='bbox 2221 4585 2225 4592; x_wconf 70' lang='grc'><strong>’</strong></span> 
     </span>
     <span class='ocr_line' id='line_1_84' title="bbox 1144 4690 1300 4762; baseline 0.006 -1"><span class='ocrx_word' id='word_1_651' title='bbox 1144 4704 1222 4762; x_wconf 85' lang='lat' dir='ltr'>orta</span> <span class='ocrx_word' id='word_1_652' title='bbox 1240 4690 1300 4762; x_wconf 85' lang='lat' dir='ltr'>sit.</span> 
     </span>
    </p>

    <p class='ocr_par' dir='ltr' id='par_1_20' title="bbox 1144 4785 2133 5090">
     <span class='ocr_line' id='line_1_85' title="bbox 1247 4785 2133 4884; baseline 0.008 -23"><span class='ocrx_word' id='word_1_653' title='bbox 1247 4789 1370 4861; x_wconf 84' lang='lat' dir='ltr'>Postea</span> <span class='ocrx_word' id='word_1_654' title='bbox 1399 4802 1434 4860; x_wconf 88' lang='lat' dir='ltr'>et</span> <span class='ocrx_word' id='word_1_655' title='bbox 1456 4811 1513 4860; x_wconf 83' lang='lat' dir='ltr'>ars</span> <span class='ocrx_word' id='word_1_656' title='bbox 1537 4785 1740 4862; x_wconf 84' lang='lat' dir='ltr'>adhibenda</span> <span class='ocrx_word' id='word_1_657' title='bbox 1764 4805 1834 4884; x_wconf 81' lang='lat' dir='ltr'>cst,</span> <span class='ocrx_word' id='word_1_658' title='bbox 1858 4789 2009 4868; x_wconf 84' lang='lat' dir='ltr'>alendus</span> <span class='ocrx_word' id='word_1_659' title='bbox 2030 4819 2133 4868; x_wconf 91' lang='lat' dir='ltr'>amor</span> 
     </span>
     <span class='ocr_line' id='line_1_86' title="bbox 1144 4887 2132 4991; baseline 0.009 -29"><span class='ocrx_word' id='word_1_660' title='bbox 1144 4894 1275 4964; x_wconf 89' lang='lat' dir='ltr'>virtute</span> <span class='ocrx_word' id='word_1_661' title='bbox 1297 4903 1332 4962; x_wconf 86' lang='lat' dir='ltr'>et</span> <span class='ocrx_word' id='word_1_662' title='bbox 1357 4890 1499 4978; x_wconf 83' lang='lat' dir='ltr'>officiis,</span> <span class='ocrx_word' id='word_1_663' title='bbox 1542 4917 1695 4988; x_wconf 82' lang='lat' dir='ltr'>quorum</span> <span class='ocrx_word' id='word_1_664' title='bbox 1723 4887 1791 4964; x_wconf 87' lang='lat' dir='ltr'>hoc</span> <span class='ocrx_word' id='word_1_665' title='bbox 1811 4895 2041 4991; x_wconf 88' lang='lat' dir='ltr'>praecipuum</span> <span class='ocrx_word' id='word_1_666' title='bbox 2067 4911 2132 4988; x_wconf 85' lang='lat' dir='ltr'>est,</span> 
     </span>
     <span class='ocr_line' id='line_1_87' title="bbox 1144 4992 1871 5090; baseline 0.003 -24"><span class='ocrx_word' id='word_1_667' title='bbox 1144 4996 1239 5090; x_wconf 85' lang='lat' dir='ltr'>quod</span> <span class='ocrx_word' id='word_1_668' title='bbox 1254 4994 1293 5064; x_wconf 89' lang='lat' dir='ltr'>iu</span> <span class='ocrx_word' id='word_1_669' title='bbox 1309 4992 1417 5064; x_wconf 87' lang='lat' dir='ltr'>veteri</span> <span class='ocrx_word' id='word_1_670' title='bbox 1433 5019 1539 5066; x_wconf 87' lang='lat' dir='ltr'>versu</span> <span class='ocrx_word' id='word_1_671' title='bbox 1552 4995 1709 5066; x_wconf 89' lang='lat' dir='ltr'>breviter</span> <span class='ocrx_word' id='word_1_672' title='bbox 1724 4993 1871 5068; x_wconf 88' lang='lat' dir='ltr'>dicitur:</span> 
     </span>
    </p>

    <p class='ocr_par' dir='ltr' id='par_1_21' title="bbox 1376 5099 1887 5194">
     <span class='ocr_line' id='line_1_88' title="bbox 1376 5099 1887 5194; baseline 0.016 -29"><span class='ocrx_word' id='word_1_673' title='bbox 1376 5133 1430 5148; x_wconf 92' lang='lat'>-·-</span> <span class='ocrx_word' id='word_1_674' title='bbox 1455 5099 1494 5194; x_wconf 79' lang='lat' dir='ltr'>Ut</span> <span class='ocrx_word' id='word_1_675' title='bbox 1511 5103 1637 5182; x_wconf 76' lang='lat' dir='ltr'>ameris,</span> <span class='ocrx_word' id='word_1_676' title='bbox 1661 5105 1797 5167; x_wconf 80' lang='lat' dir='ltr'>sanabilis</span> <span class='ocrx_word' id='word_1_677' title='bbox 1810 5118 1887 5174; x_wconf 83' lang='lat' dir='ltr'>esto.</span> 
     </span>
    </p>

    <p class='ocr_par' dir='ltr' id='par_1_22' title="bbox 1244 5193 2131 5292">
     <span class='ocr_line' id='line_1_89' title="bbox 1244 5193 2131 5292; baseline 0.008 -22"><span class='ocrx_word' id='word_1_678' title='bbox 1244 5193 1431 5288; x_wconf 86' lang='lat' dir='ltr'>Sapienter</span> <span class='ocrx_word' id='word_1_679' title='bbox 1452 5211 1486 5268; x_wconf 91' lang='lat' dir='ltr'>et</span> <span class='ocrx_word' id='word_1_680' title='bbox 1508 5193 1577 5268; x_wconf 85' lang='lat' dir='ltr'>boc</span> <span class='ocrx_word' id='word_1_681' title='bbox 1599 5193 1792 5291; x_wconf 81' lang='lat' dir='ltr'>Apostolus</span> <span class='ocrx_word' id='word_1_682' title='bbox 1821 5218 1961 5292; x_wconf 88' lang='lat' dir='ltr'>monet,</span> <span class='ocrx_word' id='word_1_683' title='bbox 1992 5215 2032 5276; x_wconf 90' lang='lat' dir='ltr'>ot</span> <span class='ocrx_word' id='word_1_684' title='bbox 2060 5203 2131 5276; x_wconf 86' lang='lat' dir='ltr'>viri</span> 
     </span>
    </p>

    <p class='ocr_par' dir='ltr' id='par_1_23' title="bbox 1142 5299 2171 5397">
     <span class='ocr_line' id='line_1_90' title="bbox 1142 5299 2171 5397; baseline 0.01 -27"><span class='ocrx_word' id='word_1_685' title='bbox 1142 5311 1288 5395; x_wconf 87' lang='lat' dir='ltr'>parcant</span> <span class='ocrx_word' id='word_1_686' title='bbox 1303 5299 1400 5370; x_wconf 82' lang='lat' dir='ltr'>sexui</span> <span class='ocrx_word' id='word_1_687' title='bbox 1416 5299 1667 5390; x_wconf 87' lang='lat' dir='ltr'>imbecilliori,</span> <span class='ocrx_word' id='word_1_688' title='bbox 1691 5326 1766 5384; x_wconf 87' lang='lat' dir='ltr'>non</span> <span class='ocrx_word' id='word_1_689' title='bbox 1781 5321 1930 5379; x_wconf 88' lang='lat' dir='ltr'>onerent</span> <span class='ocrx_word' id='word_1_690' title='bbox 1957 5304 2137 5397; x_wconf 80' lang='lat' dir='ltr'>gravidas,</span> <span class='ocrx_word' id='word_1_691' title='bbox 2165 5305 2171 5312; x_wconf 75' lang='grc'><strong><em>’</em></strong></span> 
     </span>
    </p>
   </div>
   <div class='ocr_carea' id='block_1_15' title="bbox 0 0 2458 5986">
    <p class='ocr_par' dir='ltr' id='par_1_24' title="bbox 0 0 2458 5986">
     <span class='ocr_line' id='line_1_91' title="bbox 0 0 2458 5986; baseline 0 8"><span class='ocrx_word' id='word_1_692' title='bbox 0 0 2458 5986; x_wconf 95' lang='lat' dir='ltr'> </span> 
     </span>
    </p>
   </div>
  </div>
 </body>
</html>
