4884 5950
124 217 200 298 ers
570 155 884 310 annorum
934 215 1010 294 nr
1060 213 1296 293 nnrvrs
1346 213 1705 297 conciones.
2071 218 2147 292 sae

126 395 251 491 ltaque
267 393 331 466 etsi
346 393 416 463 iam
433 391 490 462 bis
503 405 668 484 expertus
684 414 781 476 eom,
807 415 903 462 meas
923 389 1016 462 vires
1030 415 1105 460 non
1159 405 1230 462 tem
1263 415 1326 484 per
1356 392 1517 483 ingentes
1542 415 1739 467 aerumnas.
1797 388 1970 484 Deplorat
1989 405 2147 486 ⁴uterque

126 491 599 590 essepareshuicmuneri,
625 509 840 566 tamencum
860 489 1106 586 mihipraece-
1158 517 1239 562 suas
1255 493 1424 566 miserias.
1477 493 1733 588 Cupidoquoel
1754 495 1902 576 missus,
1925 507 1967 566 ut
1991 519 2068 564 eam
2093 496 2147 564 al-

125 593 352 694 ptoreshsnc
367 599 554 690 personam
569 597 812 690 imponerent,
835 599 1028 668 detrectare
1046 619 1107 665 eo-
1161 597 1272 666 terius
1287 621 1409 666 amore
1432 597 1656 682 incenderet,
1684 596 1850 687 ipscear'n
1876 595 2039 688 deperire
2066 621 2145 666 coe-

125 727 208 774 rum
222 700 445 772 autoritatem
468 700 580 770 uolui.
631 697 705 769 Nec
720 712 839 770 metuo
859 693 1106 791 reprehensio·
1158 697 1263 788 perit.
1318 697 1497 794 lllaquod
1519 699 1771 787 vagabundum
1796 699 2068 768 iuvenem'raro
2091 720 2143 766 as-

125 828 210 875 uem
224 803 425 887 facilitatis,
451 804 536 871 dum
554 801 680 870 videor
702 825 844 870 morem
863 792 984 892 gerere
1002 825 1105 892 prae·
1157 799 1393 893 sequipossit.
1445 799 1542 872 Haec
1563 801 1692 870 labella
1714 801 1798 870 satis
1823 800 2007 892 perspicue
2029 800 2147 892 pingit

125 907 330 998 captoribus
351 903 713 995 inreutilipublicis
736 903 873 976 studiis.
926 901 1046 992 Quare
1072 915 1107 971 et
1157 915 1315 972 errantes
1335 903 1546 992 cupiditates
1562 897 1898 974 humanaernentis.
1940 901 2147 990 Quaredo·

124 1031 189 1078 vos
205 1031 312 1098 rogo,
332 1030 378 1074 ne
394 1029 451 1074 me
468 1003 686 1096 impudentia
702 1005 840 1094 potius,
867 1029 972 1100 quam
997 1005 1101 1073 oflicii
1158 1004 1270 1074 ctrina
1288 1020 1322 1074 et
1342 1006 1473 1096 pietate
1492 1006 1670 1075 discamus
1687 1027 1809 1094 regere
1824 1005 1976 1078 animos.
2026 1003 2126 1074 Dixi.

123 1111 264 1181 ratione
286 1111 477 1178 adductum
505 1107 652 1198 putetis,
686 1121 725 1176 ut
748 1101 812 1175 has
833 1121 951 1199 partes
975 1105 1104 1176 iterum

125 1212 353 1304 susciperem.
412 1205 608 1278 Afferimus
630 1221 748 1278 autem
775 1209 978 1292 materiam,
1015 1231 1106 1302 quae

126 1329 162 1384 et
184 1335 345 1384 exercere
376 1310 579 1400 ingeniosos
608 1322 741 1401 potest,
774 1323 809 1381 et
831 1305 1009 1380 Ecclesiae
1033 1311 1106 1378 uti-
1182 1354 1235 1424 No
1265 1343 1316 1428 34
1915 1365 1932 1428 1
1962 1363 1996 1428 Μ
2015 1365 2137 1428 „1557
2167 1389 2169 1392 Ι

124 1416 172 1486 lis
204 1427 268 1485 est.
328 1407 466 1484 Omnes
505 1413 680 1504 sapientes
722 1412 891 1504 omnibus
932 1412 1106 1481 aetatibus
1161 1409 1333 1482 *⁸⁵2
1915 1387 2147 1493 ὢν·

125 1517 381 1606 quaedvemm
439 1537 559 1634 Saum
614 1509 862 1631 ‚humanorum
912 1514 1105 1584 malorum:
1224 1555 1256 1609 lu
1270 1553 1436 1612 Orationem
1450 1553 1542 1608 Temo
1557 1553 1589 1614 V.
1606 1539 1673 1628 pst?
1686 1577 1742 1629 sq..
1763 1559 1790 1611 iu
1804 1557 1989 1614 Orationibus
2004 1561 2148 1632 postremis

123 1617 234 1690 Unde
260 1631 399 1688 tautum
426 1630 472 1686 sat
498 1615 763 1686 calamitatum?
801 1614 906 1686 Unde
928 1628 1000 1685 tam
1020 1611 1107 1684 bor·
1259 1623 1785 1700 p.ta.eespotttietsaed.tt.pm.

124 1723 238 1792 reuda
256 1718 418 1809 flagicia?
471 1715 545 1806 Qui
565 1717 642 1800 liat,
663 1730 704 1786 ut
729 1739 810 1785 cnm
830 1729 985 1786 caeterae
1010 1741 1107 1786 crea-

1156 1787 1286 1856 Orrtio
1318 1788 1485 1856 recitato
1515 1807 1540 1858 α
1568 1789 1722 1860 Boreae
1752 1787 1941 1862 Doride
1977 1753 2149 1865 at'tsa-
2207 1857 2212 1863 .

126 1821 455 1894 turaeomnessiut
479 1821 516 1887 in
541 1817 675 1902 officio,
701 1829 737 1888 et
762 1818 1007 1912 obtemperent
1024 1842 1107 1888 suae
1181 1881 1187 1890 ,
1457 1891 1465 1908 .
2313 1895 2315 1900 ,

125 1938 295 2004 naturae,
333 1921 402 1991 soli
437 1916 602 1990 homines
635 1920 847 1989 dissentiant
878 1946 897 1988 a
931 1943 968 1989 se
997 1919 1108 2011 ipsis?
1153 1885 1300 1984 9²¹⁰&
1332 1888 1557 1976 Α”ῧῑηαῦθι
1589 1911 1674 1960 Μ
1696 1899 1795 1962 mei
1818 1893 1963 1964 elevit&
1985 1895 2027 1964 itt
2048 1893 2150 1965 Aca·
2203 2005 2207 2011 Ι

126 2023 235 2098 Unde
251 2024 297 2094 sit
316 2019 403 2094 haec
426 2017 635 2093 harmoniae
657 2019 908 2092 conturbatio?
959 2021 1008 2091 At
1033 2022 1106 2094 sola
1271 1985 1424 2062 demae
1443 1993 1662 2075 Recl‘ll'ssms
1689 1989 1724 2062 d·
1750 1989 1784 2067 l·
1804 1997 1904 2067 Msst't'
1925 1993 2034 2069 1557·

125 2127 288 2198 coelestis
312 2124 474 2195 doctrina
504 2124 678 2207 ostendit,
712 2143 852 2196 causam
878 2146 951 2192 esse
974 2123 1106 2192 vicium
1158 2105 1482 2204 Ornatissimiviri,
1499 2123 1968 2217 Praeceptorescharissimi:
1987 2128 2151 2222 ltaprae-

125 2229 297 2319 originis,
316 2243 349 2296 et
369 2225 597 2320 tyrannidem
621 2223 778 2308 diaboli,
803 2223 862 2316 eui
881 2236 1027 2316 propter
1053 2224 1107 2292 vi·
1160 2239 1211 2294 ter
1233 2249 1329 2316 spem
1355 2225 1420 2294 ista
1439 2239 1552 2296 vestra
1568 2224 1656 2296 mibi
1674 2230 1798 2319 petitio
1816 2233 1935 2302 oblate
1951 2245 2021 2317 est,
2046 2247 2086 2303 ut
2100 2232 2151 2300 rei

125 2333 221 2402 cium
235 2328 401 2420 originis,
426 2325 511 2397 haec
526 2327 653 2396 misera
675 2339 799 2395 natura
819 2319 1004 2395 hominum
1023 2327 1108 2395 sub·
1159 2326 1316 2396 novitate
1347 2327 1531 2412 turbatus,
1565 2329 1624 2398 vix
1652 2330 1853 2417 inveniam,
1885 2334 1973 2428 quid
2004 2357 2153 2422 respon-

128 2434 218 2502 iecte
236 2444 298 2504 cst.
348 2426 395 2502 Et
410 2429 488 2500 vsrlt
502 2425 599 2497 Deus
614 2451 681 2496 nos
697 2450 884 2516 agnoscere
899 2423 995 2496 hunc
1012 2451 1108 2496 mor·
1159 2429 1272 2498 deam.
1337 2426 1507 2504 Virorum
1539 2430 1827 2520 gravissimorum
1856 2448 1891 2504 et
1914 2435 2152 2528 prudentissi-

126 2536 233 2614 hnm,
262 2547 300 2602 nt
318 2531 563 2619 confugiemus
581 2531 626 2598 ad
644 2529 775 2610 fillum,
802 2553 906 2622 qnern
925 2529 1119 2598 uobisdo-·
1159 2553 1299 2600 morum
1328 2531 1539 2616 consilium,
1574 2531 1777 2624 improbare
1792 2549 1867 2606 'aut
1892 2532 2152 2628 reprehendere

47 2643 78 2698 '·
126 2637 246 2719 navit,
271 2645 312 2704 ut
334 2650 532 2724 serpentem
556 2643 735 2714 conterat,
768 2625 835 2700 hoc
855 2643 925 2715 est,
951 2628 1110 2700 destruat
1160 2655 1233 2700 non
1269 2631 1401 2717 debeo,
1448 2655 1538 2726 quos
1568 2646 1609 2704 ot
1638 2649 1801 2726 parentes
1830 2639 1958 2710 merito
1989 2662 2152 2710 veneror.

127 2759 235 2828 opera
253 2735 403 2806 diaboli.
453 2730 501 2804 Et
515 2755 582 2802 uos
597 2733 635 2801 in
651 2728 807 2801 Ecclesia
833 2733 872 2800 in
893 2756 933 2801 ea
957 2733 1109 2804 statione
1159 2729 1392 2802 Dissimulare
1415 2747 1532 2802 tamen
1556 2735 1629 2804 nou
1653 2759 1815 2831 possum,
1840 2763 1897 2808 me
1920 2741 2151 2810 consideren-

126 2838 290 2911 colloeati
315 2859 455 2921 sumus,
488 2849 529 2905 nt
561 2833 749 2926 puritatem
783 2829 891 2904 huius
915 2836 1108 2914 doctrinae,
1160 2847 1229 2904 tem
1242 2857 1342 2904 meae
1354 2835 1477 2905 aetatis
1493 2837 1782 2920 imbecillitatem,
1807 2854 1842 2910 et
1856 2865 1974 2912 rerum
1990 2841 2152 2912 omnium

125 2957 298 3034 tanquam
339 2939 561 3030 depositum,
611 2937 706 3005 hona
744 2935 813 3003 lide
848 2953 1108 3006 conservemus.
1161 2935 1394 3028 imperitiam,
1417 2937 1539 3006 mirari
1554 2939 1641 3032 quid
1659 2964 1720 3010 vos
1735 2941 1897 3026 moverit,
1923 2955 1962 3014 ut
1978 2937 2047 3014 hoc
2062 2956 2152 3013 tem-

126 3041 250 3134 Quare
267 3033 334 3110 bae
350 3039 514 3109 materiae
530 3037 719 3126 diligenter
742 3037 927 3125 agitandas
951 3051 1052 3118 sunt,
1075 3051 1110 3108 et
1161 3059 1246 3128 pore
1270 3062 1401 3107 munus
1424 3035 1588 3110 Rectoris
1611 3065 1721 3132 puero
1742 3045 2026 3126 committeretis,
2053 3046 2149 3142 quod

126 3167 230 3215 mens
255 3141 458 3223 excitanda,
492 3164 542 3213 ne
566 3151 607 3208 nt
628 3131 764 3233 Psyche
790 3138 828 3206 in
849 3139 982 3210 tabulis
1003 3163 1109 3232 vaga·
1161 3138 1305 3231 quidem
1329 3163 1436 3232 quam
1458 3155 1552 3212 recte
1574 3157 1609 3214 et
1630 3141 1767 3220 utiliter
1790 3143 1870 3234 fiat,
1902 3159 2060 3218 vestrum
2083 3135 2184 3218 erit'

126 3245 253 3318 burda
267 3241 408 3337 quaerit
421 3240 657 3334 Cupidinem,
686 3235 739 3310 lta
761 3261 827 3310 nos
851 3240 947 3312 caeci
969 3253 1108 3311 tantum
1160 3242 1388 3334 perpendere.

126 3345 505 3436 sordidasroluptates
523 3363 745 3438 quaeremus.
795 3338 850 3413 Ac
871 3341 1026 3413 recitabo
1045 3367 1109 3412 vo·
1260 3335 1337 3432 Ego
1363 3368 1444 3412 cum
1465 3343 1660 3418 adveniens
1682 3347 1722 3418 in
1745 3341 1837 3420 hanc
1859 3345 2036 3433 scholam,
2075 3349 2152 3422 eius

126 3451 185 3522 bis
199 3445 374 3533 fabulam,
392 3447 431 3518 in
447 3471 517 3541 qua
531 3441 664 3516 eruditi
678 3443 873 3536 pinxerunt
886 3444 1026 3514 animae
1040 3443 1110 3513 im-
1160 3443 1459 3533 gubernatoribus
1493 3445 1733 3518 obedientiam
1769 3451 2015 3542 promiserim,
2063 3467 2151 3545 puto

122 3548 366 3624 berillitetem.
591 3620 597 3628 ,
972 3559 975 3568 ’
1162 3543 1230 3638 ιιιοὶΙ
1246 3543 1353 3640 officii
1371 3568 1464 3632 esse,
1489 3569 1564 3616 nou
1580 3549 1746 3638 defugere
1758 3551 1808 3636 id,
1833 3555 1928 3646 quod
1945 3577 2036 3624 ame
2050 3567 2149 3638 tento

215 3643 376 3746 Psychen
392 3642 492 3718 aiunt
510 3645 922 3720 fuissefonnosissimem
941 3645 1110 3737 puellam,
1160 3645 1279 3716 studio
1310 3645 1470 3734 exigitur.
1518 3645 1650 3736 Quare
1682 3649 1747 3720 etsi
1776 3677 1832 3722 me
1859 3653 1964 3746 plane
1987 3653 2149 3748 ineptum

126 3749 267 3826 Phoebi
289 3765 324 3822 et
337 3743 576 3822 Endelecbiae
598 3751 726 3832 filiam,
751 3771 842 3842 qnae
865 3741 992 3819 habuit
1009 3769 1110 3816 soro-
1160 3772 1235 3817 esse
1254 3749 1298 3816 ad
1320 3739 1413 3817 hauc
1434 3749 1654 3820 functionem
1676 3750 1856 3844 intelligo,
1880 3755 1974 3826 etad
1994 3755 2069 3828 eius
2085 3759 2149 3826 de-

127 3879 185 3928 ree
201 3853 378 3984 quinque,
397 3875 550 3945 quarum
565 3847 652 3922 haec
667 3852 815 3920 nonsina
829 3847 991 3934 inerunt,
1010 3846 1108 3944 ὄψις,
1160 3848 1388 3920 clinationem
1403 3849 1515 3920 multa
1531 3873 1613 3920 vere
1625 3867 1661 3922 et
1673 3853 1764 3924 iuste
1778 3868 1979 3948 praeterere
1993 3880 2149 3952 possem:

128 3953 412 4056 desumpsisse,
439 3947 672 4050 ὀσμὴ,ἆφὴ.
730 3951 816 4024 Fuit
840 3963 956 4022 autem
983 3951 1127 4021 vatici-¹
1159 3964 1278 4020 tamen
1305 3975 1351 4020 ne
1372 3953 1545 4043 superbus
1566 3965 1628 4024 aut
1652 3965 1841 4028 contumax
1866 3957 2017 4030 iudicer:
2051 3961 2147 4054 quod

126 4060 251 4144 nium,
276 4053 370 4128 hanc
384 4065 576 4146 nupturam
590 4079 664 4126 esse
679 4053 918 4146 pulcherrimo
941 4068 975 4126 et
997 4052 1110 4145 pessi·
1159 4052 1314 4122 faustum
1334 4051 1379 4122 sit
1399 4076 1439 4122 ac
1452 4053 1555 4140 selis,
1579 4067 1716 4127 vestrae
1729 4055 1906 4132 voluntati
1922 4061 2146 4154 obtempera·

126 4187 189 4232 mo
210 4157 436 4230 adolescenti.
487 4153 610 4250 ltaque
631 4181 713 4228 cum
730 4150 918 4250 Zephyrus
939 4177 1017 4224 eam
1044 4153 1108 4224 ab·
1159 4155 1226 4238 bo,
1250 4151 1536 4225 iretusbouitate
1551 4170 1686 4242 vestra,
1711 4153 1872 4253 mihique
1889 4177 1985 4236 certo
2002 4187 2147 4255 persna-

124 4261 285 4334 dusisset
302 4257 342 4330 in
357 4267 499 4354 pratum
516 4261 694 4352 quoddam
710 4255 1017 4338 amoenissimum,
1037 4252 1109 4327 Cu-
1159 4257 1263 4338 dens,
1288 4277 1370 4340 vos,
1392 4269 1427 4328 et
1449 4256 1602 4328 canaliclo
1623 4260 1668 4329 de
1682 4283 1739 4328 me
1754 4259 1886 4334 iudicio
1903 4259 1999 4336 hunc
2015 4263 2148 4336 Recto-

128 4365 217 4457 pido
232 4385 309 4434 earn
325 4361 550 4452 compressit,
575 4373 608 4430 et
620 4358 809 4452 paciscitur
828 4381 865 4429 se
881 4373 990 4430 noctu
1013 4355 1108 4426 redi·
1158 4357 1208 4426 ris
1230 4355 1374 4426 titulum
1396 4370 1432 4430 et
1452 4357 1610 4428 cilicium
1632 4361 1677 4430 ad
1692 4385 1749 4433 me
1766 4363 1951 4452 detulisse,
1976 4380 2010 4438 et
2026 4367 2063 4436 in
2079 4361 2146 4438 bac

128 4481 253 4538 turum
276 4487 367 4548 esse,
391 4475 492 4551 rogat
514 4475 556 4533 ut
578 4463 616 4530 in
637 4461 794 4533 tenebris
815 4459 1042 4540 admittatur,
1067 4473 1108 4530 ut
1157 4459 1414 4548 gubernatione
1436 4483 1515 4529 cnm
1539 4483 1613 4548 me,
1637 4476 1714 4533 tum
1729 4487 1830 4556 eum,
1859 4490 1963 4559 quem
1982 4463 2069 4538 mihi
2088 4491 2147 4538 eo-

127 4567 239 4638 latere
252 4565 375 4660 possit.
427 4561 468 4634 ld
485 4577 606 4636 narrat
619 4561 813 4638 sororibus.
864 4559 942 4632 Hae
958 4555 1107 4632 hortan-
1157 4559 1252 4631 cium
1285 4554 1394 4630 huius
1425 4561 1745 4636 administrationis
1771 4567 1988 4658 adiungetis,
2026 4583 2145 4641 vestro

128 4684 206 4755 tur,
233 4681 273 4738 ut
295 4666 326 4738 si
347 4667 466 4737 redeat
486 4665 707 4751 adolescens,
734 4663 915 4750 observet,
943 4663 1024 4758 quis
1048 4664 1105 4737 sit.
1155 4661 1324 4744 consilio,
1349 4663 1565 4756 praesentia,
1590 4689 1697 4758 opera
1721 4681 1756 4739 et
1778 4671 1969 4742 autoritate
1992 4670 2150 4763 benigne⁴

127 4769 221 4846 Cum
244 4769 354 4862 igitur
377 4781 487 4842 noctu
510 4764 620 4852 redit,
646 4780 683 4838 et
695 4759 830 4862 Psyche
852 4760 1023 4861 lychnum
1040 4757 1107 4834 he·
1154 4764 1340 4836 adiuturos
1357 4785 1442 4840 esse.

125 4873 236 4946 hebet
265 4874 450 4966 ardentem
479 4869 518 4940 in
544 4869 704 4960 capsula,
734 4866 935 4938 dormiente
965 4867 1104 4957 iuvene,
1255 4864 1371 4937 Deum
1393 4879 1576 4938 aeternum
1597 4865 1738 4940 Patrem
1758 4869 2043 4946 Dominiuostri
2061 4873 2145 4950 ,lesu

126 4973 262 5070 promit
279 4965 470 5070 lychnum,
500 4971 645 5044 accersit
666 4993 822 5051 sorores,
848 4983 994 5040 utrum
1018 4991 1109 5064 con-⁵
1153 4961 1289 5038 Christi
1318 4980 1394 5040 toto
1425 4983 1567 5061 pectore
1596 4995 1679 5056 oro,
1718 4985 1759 5042 ut
1788 4997 1852 5064 per
1880 4967 1949 5046 hoc
1978 4994 2144 5052 semestre

128 5073 301 5169 spiciaret,
327 5071 425 5146 videt
449 5087 484 5144 et
504 5073 573 5158 tela
596 5097 636 5144 ac
651 5095 763 5142 arcus.
814 5067 979 5166 Cumque
998 5069 1104 5160 sagit·
1154 5069 1446 5164 tranquillitatem
1469 5066 1525 5141 bis
1546 5071 1752 5160 regionibus
1774 5077 1962 5163 concedat,
1993 5093 2028 5152 et
2053 5075 2145 5152 hane

128 5193 183 5250 tas
206 5176 344 5248 curiose
366 5186 620 5260 contrectaret,
651 5173 807 5244 sauciato
827 5171 939 5262 digito
966 5171 1102 5261 ingenti
1153 5165 1328 5256 scholam,
1349 5193 1486 5265 nosque
1499 5195 1622 5242 omnes
1637 5173 1830 5247 clementer
1845 5179 2034 5269 gubernet,
2059 5205 2144 5274 pro-

123 5302 248 5352 amore
259 5275 451 5372 Cupidinis
465 5275 604 5351 exarsit.
654 5271 1004 5365 ExcitatusCupido,
1021 5297 1102 5343 cum
1154 5285 1247 5363 tegat
1261 5285 1296 5346 et
1310 5285 1506 5348 conservet.
1556 5271 1653 5348 Dixi.

123 5381 318 5475 magnoni
331 5377 485 5463 videret,
511 5377 639 5453 evolat.
691 5375 758 5449 Illa
779 5375 939 5473 sequitur
961 5374 1102 5466 lugien-
1390 5373 1511 5448 Prima
1527 5373 1631 5453 Maii.
1663 5375 1774 5452 Anno
1792 5375 1903 5454 1657.
