<?xml version="1.0" encoding="UTF-8"?>
<!DOCTYPE html PUBLIC "-//W3C//DTD XHTML 1.0 Transitional//EN"
    "http://www.w3.org/TR/xhtml1/DTD/xhtml1-transitional.dtd">
<html xmlns="http://www.w3.org/1999/xhtml" xml:lang="en" lang="en">
 <head>
  <title>
</title>
<meta http-equiv="Content-Type" content="text/html;charset=utf-8" />
  <meta name='ocr-system' content='tesseract 3.04.00' />
  <meta name='ocr-capabilities' content='ocr_page ocr_carea ocr_par ocr_line ocrx_word'/>
</head>
<body>
  <div class='ocr_page' id='page_1' title='image "./philippimelanth07bindgoog_0071.png"; bbox 0 0 4906 5986; ppageno 0'>
   <div class='ocr_carea' id='block_1_1' title="bbox 111 163 2145 340">
    <p class='ocr_par' dir='ltr' id='par_1_1' title="bbox 111 163 2145 340">
     <span class='ocr_line' id='line_1_1' title="bbox 111 163 2145 340; baseline 0.015 -58"><span class='ocrx_word' id='word_1_1' title='bbox 111 209 173 284; x_wconf 83' lang='lat' dir='ltr'>ns</span> <span class='ocrx_word' id='word_1_2' title='bbox 290 188 1244 304; x_wconf 79' lang='lat' dir='ltr'>nrtsrouauon,t·untc1oaon1nr</span> <span class='ocrx_word' id='word_1_3' title='bbox 1269 175 1664 340; x_wconf 70' lang='lat' dir='ltr'>scelerosum</span> <span class='ocrx_word' id='word_1_4' title='bbox 1712 163 1833 306; x_wconf 80' lang='lat' dir='ltr'>nm</span> <span class='ocrx_word' id='word_1_5' title='bbox 1854 229 1958 312; x_wconf 88' lang='lat' dir='ltr'><strong>x1v.</strong></span> <span class='ocrx_word' id='word_1_6' title='bbox 2004 319 2007 329; x_wconf 25' lang='lat'><strong><em>¹</em></strong></span> <span class='ocrx_word' id='word_1_7' title='bbox 2071 235 2145 312; x_wconf 80' lang='lat'>114</span> 
     </span>
    </p>
   </div>
   <div class='ocr_carea' id='block_1_2' title="bbox 109 369 2254 4678">
    <p class='ocr_par' dir='ltr' id='par_1_2' title="bbox 109 369 2254 4678">
     <span class='ocr_line' id='line_1_2' title="bbox 113 369 2143 492; baseline 0.011 -30"><span class='ocrx_word' id='word_1_8' title='bbox 113 403 265 462; x_wconf 77' lang='lat' dir='ltr'>novetur</span> <span class='ocrx_word' id='word_1_9' title='bbox 280 387 326 462; x_wconf 85' lang='lat' dir='ltr'>ad</span> <span class='ocrx_word' id='word_1_10' title='bbox 342 381 611 463; x_wconf 87' lang='lat' dir='ltr'>detestationem</span> <span class='ocrx_word' id='word_1_11' title='bbox 627 387 772 484; x_wconf 83' lang='lat' dir='ltr'>peccati.</span> <span class='ocrx_word' id='word_1_12' title='bbox 822 383 914 460; x_wconf 85' lang='lat' dir='ltr'>Nam</span> <span class='ocrx_word' id='word_1_13' title='bbox 931 385 1098 484; x_wconf 89' lang='lat' dir='ltr'>impossi-</span> <span class='ocrx_word' id='word_1_14' title='bbox 1147 369 1338 462; x_wconf 82' lang='lat' dir='ltr'>lectionem</span> <span class='ocrx_word' id='word_1_15' title='bbox 1352 372 1515 467; x_wconf 69' lang='lat' dir='ltr'>‘iustitiae</span> <span class='ocrx_word' id='word_1_16' title='bbox 1547 395 1654 474; x_wconf 90' lang='lat' dir='ltr'>nobis</span> <span class='ocrx_word' id='word_1_17' title='bbox 1684 421 1749 492; x_wconf 84' lang='lat' dir='ltr'>pec</span> <span class='ocrx_word' id='word_1_18' title='bbox 1769 395 1956 480; x_wconf 88' lang='lat' dir='ltr'>Christum</span> <span class='ocrx_word' id='word_1_19' title='bbox 1981 427 2143 484; x_wconf 88' lang='lat' dir='ltr'>commu·</span> 
     </span>
     <span class='ocr_line' id='line_1_3' title="bbox 113 487 1735 595; baseline 0.001 -29"><span class='ocrx_word' id='word_1_20' title='bbox 113 493 176 566; x_wconf 87' lang='lat' dir='ltr'>bile</span> <span class='ocrx_word' id='word_1_21' title='bbox 195 505 243 565; x_wconf 88' lang='lat' dir='ltr'>est</span> <span class='ocrx_word' id='word_1_22' title='bbox 265 491 325 588; x_wconf 92' lang='lat' dir='ltr'>(ut</span> <span class='ocrx_word' id='word_1_23' title='bbox 346 491 466 588; x_wconf 88' lang='lat' dir='ltr'>inquit</span> <span class='ocrx_word' id='word_1_24' title='bbox 488 487 728 590; x_wconf 71' lang='lat' dir='ltr'>Augustinus)</span> <span class='ocrx_word' id='word_1_25' title='bbox 750 513 880 568; x_wconf 81' lang='lat' dir='ltr'>novem</span> <span class='ocrx_word' id='word_1_26' title='bbox 904 491 1013 568; x_wconf 86' lang='lat' dir='ltr'>vitam</span> <span class='ocrx_word' id='word_1_27' title='bbox 1037 489 1098 566; x_wconf 89' lang='lat' dir='ltr'>iu·</span> <span class='ocrx_word' id='word_1_28' title='bbox 1146 489 1296 569; x_wconf 80' lang='lat' dir='ltr'>nicetae.</span> <span class='ocrx_word' id='word_1_29' title='bbox 1427 587 1429 595; x_wconf 21' lang='grc' dir='ltr'>Ι</span> <span class='ocrx_word' id='word_1_30' title='bbox 1734 497 1735 501; x_wconf 72' lang='grc'>’</span> 
     </span>
     <span class='ocr_line' id='line_1_4' title="bbox 115 593 785 690; baseline 0.004 -22"><span class='ocrx_word' id='word_1_31' title='bbox 115 593 247 682; x_wconf 80' lang='lat' dir='ltr'>chaere,</span> <span class='ocrx_word' id='word_1_32' title='bbox 273 593 344 667; x_wconf 90' lang='lat' dir='ltr'>nisi</span> <span class='ocrx_word' id='word_1_33' title='bbox 360 593 495 688; x_wconf 83' lang='lat' dir='ltr'>prioris</span> <span class='ocrx_word' id='word_1_34' title='bbox 507 617 576 668; x_wconf 90' lang='lat' dir='ltr'>nos</span> <span class='ocrx_word' id='word_1_35' title='bbox 591 595 785 690; x_wconf 84' lang='lat' dir='ltr'>poeniteat.</span> 
     </span>
     <span class='ocr_line' id='line_1_5' title="bbox 300 691 2140 798; baseline 0.016 -33"><span class='ocrx_word' id='word_1_36' title='bbox 300 691 307 704; x_wconf 87' lang='lat'>&#39;</span> <span class='ocrx_word' id='word_1_37' title='bbox 892 756 896 768; x_wconf 88' lang='grc'>.</span> <span class='ocrx_word' id='word_1_38' title='bbox 1248 691 1329 772; x_wconf 86' lang='lat' dir='ltr'>Etsi</span> <span class='ocrx_word' id='word_1_39' title='bbox 1343 711 1461 774; x_wconf 88' lang='lat' dir='ltr'>autem</span> <span class='ocrx_word' id='word_1_40' title='bbox 1478 699 1508 774; x_wconf 88' lang='lat' dir='ltr'>is</span> <span class='ocrx_word' id='word_1_41' title='bbox 1521 701 1584 798; x_wconf 89' lang='lat' dir='ltr'>qui</span> <span class='ocrx_word' id='word_1_42' title='bbox 1604 701 1832 794; x_wconf 82' lang='lat' dir='ltr'>iustihcatur,</span> <span class='ocrx_word' id='word_1_43' title='bbox 1857 710 2034 790; x_wconf 85' lang='lat' dir='ltr'>iusticiam</span> <span class='ocrx_word' id='word_1_44' title='bbox 2048 721 2140 794; x_wconf 88' lang='lat' dir='ltr'>acci-</span> 
     </span>
     <span class='ocr_line' id='line_1_6' title="bbox 204 791 2139 908; baseline 0.013 -38"><span class='ocrx_word' id='word_1_45' title='bbox 204 795 290 874; x_wconf 89' lang='lat' dir='ltr'>item</span> <span class='ocrx_word' id='word_1_46' title='bbox 303 795 427 870; x_wconf 88' lang='lat' dir='ltr'>Lucae</span> <span class='ocrx_word' id='word_1_47' title='bbox 448 797 576 882; x_wconf 88' lang='lat' dir='ltr'>ultimo</span> <span class='ocrx_word' id='word_1_48' title='bbox 590 791 755 872; x_wconf 78' lang='lat' dir='ltr'>Christus</span> <span class='ocrx_word' id='word_1_49' title='bbox 777 795 877 872; x_wconf 89' lang='lat' dir='ltr'>iubet</span> <span class='ocrx_word' id='word_1_50' title='bbox 898 795 1108 894; x_wconf 86' lang='lat' dir='ltr'>praedicari</span> <span class='ocrx_word' id='word_1_51' title='bbox 1145 799 1199 895; x_wconf 90' lang='lat' dir='ltr'>pit</span> <span class='ocrx_word' id='word_1_52' title='bbox 1224 816 1260 876; x_wconf 89' lang='lat' dir='ltr'>et</span> <span class='ocrx_word' id='word_1_53' title='bbox 1292 797 1399 875; x_wconf 88' lang='lat' dir='ltr'>babet</span> <span class='ocrx_word' id='word_1_54' title='bbox 1431 827 1495 897; x_wconf 92' lang='lat' dir='ltr'>per</span> <span class='ocrx_word' id='word_1_55' title='bbox 1520 800 1723 894; x_wconf 87' lang='lat' dir='ltr'>Christum,</span> <span class='ocrx_word' id='word_1_56' title='bbox 1765 805 1872 886; x_wconf 88' lang='lat' dir='ltr'>etiam</span> <span class='ocrx_word' id='word_1_57' title='bbox 1902 797 2139 908; x_wconf 87' lang='lat' dir='ltr'>inherentem‚</span> 
     </span>
     <span class='ocr_line' id='line_1_7' title="bbox 114 899 2140 1004; baseline 0.012 -30"><span class='ocrx_word' id='word_1_58' title='bbox 114 906 146 974; x_wconf 89' lang='lat' dir='ltr'>iu</span> <span class='ocrx_word' id='word_1_59' title='bbox 166 901 308 973; x_wconf 91' lang='lat' dir='ltr'>nomine</span> <span class='ocrx_word' id='word_1_60' title='bbox 330 901 409 972; x_wconf 90' lang='lat' dir='ltr'>eius</span> <span class='ocrx_word' id='word_1_61' title='bbox 430 899 686 994; x_wconf 89' lang='lat' dir='ltr'>poenitentiam</span> <span class='ocrx_word' id='word_1_62' title='bbox 701 913 735 976; x_wconf 86' lang='lat' dir='ltr'>et</span> <span class='ocrx_word' id='word_1_63' title='bbox 749 901 994 974; x_wconf 72' lang='lat' dir='ltr'>remissionem</span> <span class='ocrx_word' id='word_1_64' title='bbox 1015 927 1097 996; x_wconf 91' lang='lat' dir='ltr'>pec-</span> <span class='ocrx_word' id='word_1_65' title='bbox 1144 904 1237 976; x_wconf 89' lang='lat' dir='ltr'>sicut</span> <span class='ocrx_word' id='word_1_66' title='bbox 1268 903 1358 978; x_wconf 89' lang='lat' dir='ltr'>dicit</span> <span class='ocrx_word' id='word_1_67' title='bbox 1390 907 1588 1002; x_wconf 88' lang='lat' dir='ltr'>apostolus:</span> <span class='ocrx_word' id='word_1_68' title='bbox 1630 902 1758 982; x_wconf 83' lang='lat' dir='ltr'>Abtuti</span> <span class='ocrx_word' id='word_1_69' title='bbox 1792 916 1894 1004; x_wconf 90' lang='lat' dir='ltr'>estis,</span> <span class='ocrx_word' id='word_1_70' title='bbox 1931 923 2140 1000; x_wconf 81' lang='lat' dir='ltr'>sanctificati</span> 
     </span>
     <span class='ocr_line' id='line_1_8' title="bbox 113 998 2138 1114; baseline 0.005 -35"><span class='ocrx_word' id='word_1_71' title='bbox 113 1019 269 1080; x_wconf 87' lang='lat' dir='ltr'>tatomm.</span> <span class='ocrx_word' id='word_1_72' title='bbox 323 998 504 1076; x_wconf 88' lang='lat' dir='ltr'>iohannes</span> <span class='ocrx_word' id='word_1_73' title='bbox 520 1001 628 1076; x_wconf 86' lang='lat' dir='ltr'>etiam</span> <span class='ocrx_word' id='word_1_74' title='bbox 641 999 803 1098; x_wconf 76' lang='lat' dir='ltr'>Baptista</span> <span class='ocrx_word' id='word_1_75' title='bbox 821 999 950 1078; x_wconf 83' lang='lat' dir='ltr'>mi&#39;ssus</span> <span class='ocrx_word' id='word_1_76' title='bbox 965 1007 1011 1078; x_wconf 85' lang='lat' dir='ltr'>ad</span> <span class='ocrx_word' id='word_1_77' title='bbox 1032 1021 1096 1098; x_wconf 85' lang='lat' dir='ltr'>pa&#39;-</span> <span class='ocrx_word' id='word_1_78' title='bbox 1144 1005 1245 1088; x_wconf 88' lang='lat' dir='ltr'>estis,</span> <span class='ocrx_word' id='word_1_79' title='bbox 1270 1006 1449 1080; x_wconf 88' lang='lat' dir='ltr'>iustificati</span> <span class='ocrx_word' id='word_1_80' title='bbox 1470 1009 1564 1082; x_wconf 89' lang='lat' dir='ltr'>estis.</span> <span class='ocrx_word' id='word_1_81' title='bbox 1618 1009 1739 1104; x_wconf 87' lang='lat' dir='ltr'>Quare</span> <span class='ocrx_word' id='word_1_82' title='bbox 1762 1018 2013 1114; x_wconf 78' lang='lat' dir='ltr'>sanctipatms</span> <span class='ocrx_word' id='word_1_83' title='bbox 2033 1009 2138 1098; x_wconf 65' lang='lat' dir='ltr'>iustis</span> 
     </span>
     <span class='ocr_line' id='line_1_9' title="bbox 114 1105 2138 1208; baseline 0.011 -28"><span class='ocrx_word' id='word_1_84' title='bbox 114 1109 231 1180; x_wconf 81' lang='lat' dir='ltr'>caudas</span> <span class='ocrx_word' id='word_1_85' title='bbox 251 1107 329 1178; x_wconf 81' lang='lat' dir='ltr'>vias</span> <span class='ocrx_word' id='word_1_86' title='bbox 344 1105 484 1178; x_wconf 92' lang='lat' dir='ltr'>domini</span> <span class='ocrx_word' id='word_1_87' title='bbox 502 1105 721 1198; x_wconf 84' lang='lat' dir='ltr'>praedicavit</span> <span class='ocrx_word' id='word_1_88' title='bbox 736 1105 1013 1200; x_wconf 88' lang='lat' dir='ltr'>poeniteutiam,</span> <span class='ocrx_word' id='word_1_89' title='bbox 1037 1109 1095 1178; x_wconf 89' lang='lat' dir='ltr'>io·</span> <span class='ocrx_word' id='word_1_90' title='bbox 1144 1105 1241 1178; x_wconf 84' lang='lat' dir='ltr'>ficari</span> <span class='ocrx_word' id='word_1_91' title='bbox 1263 1109 1368 1180; x_wconf 89' lang='lat' dir='ltr'>etiam</span> <span class='ocrx_word' id='word_1_92' title='bbox 1392 1133 1458 1204; x_wconf 88' lang='lat' dir='ltr'>pro</span> <span class='ocrx_word' id='word_1_93' title='bbox 1481 1135 1522 1190; x_wconf 86' lang='lat' dir='ltr'>eo</span> <span class='ocrx_word' id='word_1_94' title='bbox 1542 1113 1638 1208; x_wconf 90' lang='lat' dir='ltr'>quod</span> <span class='ocrx_word' id='word_1_95' title='bbox 1654 1129 1704 1186; x_wconf 88' lang='lat' dir='ltr'>est</span> <span class='ocrx_word' id='word_1_96' title='bbox 1721 1111 1943 1194; x_wconf 90' lang='lat' dir='ltr'>inherentem</span> <span class='ocrx_word' id='word_1_97' title='bbox 1958 1124 2138 1206; x_wconf 87' lang='lat' dir='ltr'>iusticiam</span> 
     </span>
     <span class='ocr_line' id='line_1_10' title="bbox 113 1206 2137 1308; baseline 0.011 -28"><span class='ocrx_word' id='word_1_98' title='bbox 113 1210 242 1308; x_wconf 81' lang='lat' dir='ltr'>quiens,</span> <span class='ocrx_word' id='word_1_99' title='bbox 273 1207 533 1304; x_wconf 79' lang='lat' dir='ltr'>poenitentiam</span> <span class='ocrx_word' id='word_1_100' title='bbox 557 1207 670 1299; x_wconf 88' lang='lat' dir='ltr'>agite,</span> <span class='ocrx_word' id='word_1_101' title='bbox 702 1209 967 1305; x_wconf 76' lang='lat' dir='ltr'>adpropinquat</span> <span class='ocrx_word' id='word_1_102' title='bbox 992 1209 1093 1282; x_wconf 89' lang='lat' dir='ltr'>enim</span> <span class='ocrx_word' id='word_1_103' title='bbox 1143 1209 1301 1304; x_wconf 88' lang='lat' dir='ltr'>accipere</span> <span class='ocrx_word' id='word_1_104' title='bbox 1323 1227 1552 1306; x_wconf 81' lang='lat' dir='ltr'>usurparunt</span> <span class='ocrx_word' id='word_1_105' title='bbox 1613 1213 1751 1288; x_wconf 86' lang='lat' dir='ltr'>Tamen</span> <span class='ocrx_word' id='word_1_106' title='bbox 1773 1220 1892 1295; x_wconf 85' lang='lat' dir='ltr'>anima</span> <span class='ocrx_word' id='word_1_107' title='bbox 1911 1223 2028 1300; x_wconf 86' lang='lat' dir='ltr'>fidelis</span> <span class='ocrx_word' id='word_1_108' title='bbox 2051 1206 2137 1304; x_wconf 90' lang='lat' dir='ltr'>huic</span> 
     </span>
     <span class='ocr_line' id='line_1_11' title="bbox 113 1308 2137 1419; baseline 0.011 -36"><span class='ocrx_word' id='word_1_109' title='bbox 113 1335 248 1405; x_wconf 81' lang='lat' dir='ltr'>reguum</span> <span class='ocrx_word' id='word_1_110' title='bbox 266 1312 462 1388; x_wconf 72' lang='lat' dir='ltr'>unciarum.</span> <span class='ocrx_word' id='word_1_111' title='bbox 530 1345 536 1352; x_wconf 96' lang='lat'>·</span> <span class='ocrx_word' id='word_1_112' title='bbox 681 1308 686 1370; x_wconf 78' lang='grc' dir='ltr'><strong><em>Ῑ</em></strong></span> <span class='ocrx_word' id='word_1_113' title='bbox 778 1332 783 1340; x_wconf 93' lang='grc'><strong><em>·</em></strong></span> <span class='ocrx_word' id='word_1_114' title='bbox 920 1341 922 1348; x_wconf 69' lang='grc'><strong>’</strong></span> <span class='ocrx_word' id='word_1_115' title='bbox 1143 1335 1218 1383; x_wconf 91' lang='lat' dir='ltr'>non</span> <span class='ocrx_word' id='word_1_116' title='bbox 1238 1311 1428 1398; x_wconf 86' lang='lat' dir='ltr'>innititur,</span> <span class='ocrx_word' id='word_1_117' title='bbox 1453 1317 1514 1386; x_wconf 90' lang='lat' dir='ltr'>sed</span> <span class='ocrx_word' id='word_1_118' title='bbox 1534 1314 1603 1386; x_wconf 83' lang='lat' dir='ltr'>soii</span> <span class='ocrx_word' id='word_1_119' title='bbox 1621 1315 1781 1394; x_wconf 77' lang='lat' dir='ltr'>iustitiae</span> <span class='ocrx_word' id='word_1_120' title='bbox 1796 1317 1932 1400; x_wconf 88' lang='lat' dir='ltr'>Christi</span> <span class='ocrx_word' id='word_1_121' title='bbox 1949 1331 2055 1419; x_wconf 86' lang='lat' dir='ltr'>nobis</span> <span class='ocrx_word' id='word_1_122' title='bbox 2069 1333 2137 1405; x_wconf 93' lang='lat' dir='ltr'>do-</span> 
     </span>
     <span class='ocr_line' id='line_1_12' title="bbox 528 1413 2137 1526; baseline 0.017 -45"><span class='ocrx_word' id='word_1_123' title='bbox 528 1495 533 1508; x_wconf 33' lang='lat'><strong>·</strong></span> <span class='ocrx_word' id='word_1_124' title='bbox 668 1435 672 1440; x_wconf 90' lang='lat'>·</span> <span class='ocrx_word' id='word_1_125' title='bbox 1143 1425 1263 1501; x_wconf 88' lang='lat' dir='ltr'>natae,</span> <span class='ocrx_word' id='word_1_126' title='bbox 1288 1413 1365 1488; x_wconf 91' lang='lat' dir='ltr'>sine</span> <span class='ocrx_word' id='word_1_127' title='bbox 1379 1439 1449 1512; x_wconf 88' lang='lat' dir='ltr'>qua</span> <span class='ocrx_word' id='word_1_128' title='bbox 1465 1417 1565 1489; x_wconf 89' lang='lat' dir='ltr'>nulla</span> <span class='ocrx_word' id='word_1_129' title='bbox 1582 1415 1732 1502; x_wconf 84' lang='lat' dir='ltr'>omnino</span> <span class='ocrx_word' id='word_1_130' title='bbox 1750 1437 1820 1512; x_wconf 86' lang='lat' dir='ltr'>est,</span> <span class='ocrx_word' id='word_1_131' title='bbox 1845 1450 1911 1500; x_wconf 89' lang='lat' dir='ltr'>nec</span> <span class='ocrx_word' id='word_1_132' title='bbox 1925 1419 2137 1526; x_wconf 79' lang='lat' dir='ltr'>essepotest</span> 
     </span>
     <span class='ocr_line' id='line_1_13' title="bbox 203 1513 2178 1624; baseline 0.009 -32"><span class='ocrx_word' id='word_1_133' title='bbox 203 1517 344 1592; x_wconf 86' lang='lat' dir='ltr'>Deinde</span> <span class='ocrx_word' id='word_1_134' title='bbox 376 1539 398 1590; x_wconf 86' lang='lat' dir='ltr'>a</span> <span class='ocrx_word' id='word_1_135' title='bbox 432 1514 562 1609; x_wconf 91' lang='lat' dir='ltr'>spiritu</span> <span class='ocrx_word' id='word_1_136' title='bbox 593 1526 716 1588; x_wconf 68' lang='lat' dir='ltr'>nnete</span> <span class='ocrx_word' id='word_1_137' title='bbox 742 1532 905 1601; x_wconf 79' lang='lat' dir='ltr'>moretur</span> <span class='ocrx_word' id='word_1_138' title='bbox 937 1513 1094 1592; x_wconf 88' lang='lat' dir='ltr'>hominis</span> <span class='ocrx_word' id='word_1_139' title='bbox 1142 1515 1295 1592; x_wconf 86' lang='lat' dir='ltr'>iusticia.</span> <span class='ocrx_word' id='word_1_140' title='bbox 1339 1514 1388 1590; x_wconf 80' lang='lat' dir='ltr'>Et</span> <span class='ocrx_word' id='word_1_141' title='bbox 1403 1518 1454 1590; x_wconf 89' lang='lat' dir='ltr'>sic</span> <span class='ocrx_word' id='word_1_142' title='bbox 1468 1519 1538 1591; x_wconf 87' lang='lat' dir='ltr'>fide</span> <span class='ocrx_word' id='word_1_143' title='bbox 1551 1520 1591 1590; x_wconf 90' lang='lat' dir='ltr'>in</span> <span class='ocrx_word' id='word_1_144' title='bbox 1605 1515 1789 1595; x_wconf 90' lang='lat' dir='ltr'>Christum</span> <span class='ocrx_word' id='word_1_145' title='bbox 1805 1525 2049 1624; x_wconf 82' lang='lat' dir='ltr'>iustificamur,</span> <span class='ocrx_word' id='word_1_146' title='bbox 2074 1557 2136 1608; x_wconf 91' lang='lat' dir='ltr'>seu</span> <span class='ocrx_word' id='word_1_147' title='bbox 2172 1528 2178 1554; x_wconf 80' lang='lat'><em>&#39;</em></span> 
     </span>
     <span class='ocr_line' id='line_1_14' title="bbox 114 1612 2139 1730; baseline 0.003 -37"><span class='ocrx_word' id='word_1_148' title='bbox 114 1645 203 1696; x_wconf 85' lang='lat' dir='ltr'>mens</span> <span class='ocrx_word' id='word_1_149' title='bbox 223 1623 261 1692; x_wconf 90' lang='lat' dir='ltr'>io</span> <span class='ocrx_word' id='word_1_150' title='bbox 284 1621 393 1710; x_wconf 83' lang='lat' dir='ltr'>deum</span> <span class='ocrx_word' id='word_1_151' title='bbox 407 1643 473 1712; x_wconf 89' lang='lat' dir='ltr'>per</span> <span class='ocrx_word' id='word_1_152' title='bbox 485 1613 690 1707; x_wconf 85' lang='lat' dir='ltr'>Christum,</span> <span class='ocrx_word' id='word_1_153' title='bbox 708 1635 745 1694; x_wconf 86' lang='lat' dir='ltr'>et</span> <span class='ocrx_word' id='word_1_154' title='bbox 758 1612 949 1695; x_wconf 87' lang='lat' dir='ltr'>hicmotus</span> <span class='ocrx_word' id='word_1_155' title='bbox 965 1635 1017 1694; x_wconf 86' lang='lat' dir='ltr'>est</span> <span class='ocrx_word' id='word_1_156' title='bbox 1032 1645 1095 1715; x_wconf 87' lang='lat' dir='ltr'>per</span> <span class='ocrx_word' id='word_1_157' title='bbox 1141 1631 1350 1712; x_wconf 84' lang='lat' dir='ltr'>reputamur</span> <span class='ocrx_word' id='word_1_158' title='bbox 1371 1619 1477 1718; x_wconf 73' lang='lat' dir='ltr'>iusti,</span> <span class='ocrx_word' id='word_1_159' title='bbox 1506 1621 1544 1692; x_wconf 95' lang='lat' dir='ltr'>id</span> <span class='ocrx_word' id='word_1_160' title='bbox 1569 1633 1639 1708; x_wconf 86' lang='lat' dir='ltr'>est,</span> <span class='ocrx_word' id='word_1_161' title='bbox 1672 1627 1824 1718; x_wconf 85' lang='lat' dir='ltr'>accepti,</span> <span class='ocrx_word' id='word_1_162' title='bbox 1857 1645 2003 1727; x_wconf 75' lang='lat' dir='ltr'>propter</span> <span class='ocrx_word' id='word_1_163' title='bbox 2024 1629 2139 1730; x_wconf 63' lang='lat' dir='ltr'>ipsius*</span> 
     </span>
     <span class='ocr_line' id='line_1_15' title="bbox 112 1715 2136 1834; baseline 0.008 -36"><span class='ocrx_word' id='word_1_164' title='bbox 112 1727 228 1806; x_wconf 81' lang='lat' dir='ltr'>idem,</span> <span class='ocrx_word' id='word_1_165' title='bbox 259 1747 325 1817; x_wconf 90' lang='lat' dir='ltr'>per</span> <span class='ocrx_word' id='word_1_166' title='bbox 357 1743 465 1817; x_wconf 83' lang='lat' dir='ltr'>quam</span> <span class='ocrx_word' id='word_1_167' title='bbox 491 1715 664 1810; x_wconf 84' lang='lat' dir='ltr'>bominis</span> <span class='ocrx_word' id='word_1_168' title='bbox 691 1741 791 1794; x_wconf 81' lang='lat' dir='ltr'>mens</span> <span class='ocrx_word' id='word_1_169' title='bbox 823 1738 921 1802; x_wconf 81' lang='lat' dir='ltr'>certo</span> <span class='ocrx_word' id='word_1_170' title='bbox 946 1727 1094 1796; x_wconf 85' lang='lat' dir='ltr'>eredens</span> <span class='ocrx_word' id='word_1_171' title='bbox 1141 1723 1279 1808; x_wconf 87' lang='lat' dir='ltr'>merita,</span> <span class='ocrx_word' id='word_1_172' title='bbox 1298 1745 1372 1792; x_wconf 90' lang='lat' dir='ltr'>noo</span> <span class='ocrx_word' id='word_1_173' title='bbox 1387 1735 1534 1816; x_wconf 84' lang='lat' dir='ltr'>propter</span> <span class='ocrx_word' id='word_1_174' title='bbox 1546 1739 1704 1797; x_wconf 64' lang='lat' dir='ltr'>nuaram</span> <span class='ocrx_word' id='word_1_175' title='bbox 1717 1726 1926 1818; x_wconf 85' lang='lat' dir='ltr'>dignitatem</span> <span class='ocrx_word' id='word_1_176' title='bbox 1938 1749 2001 1808; x_wconf 89' lang='lat' dir='ltr'>aut</span> <span class='ocrx_word' id='word_1_177' title='bbox 2016 1764 2136 1834; x_wconf 89' lang='lat' dir='ltr'>opera.</span> 
     </span>
     <span class='ocr_line' id='line_1_16' title="bbox 118 1818 2137 1930; baseline 0.006 -30"><span class='ocrx_word' id='word_1_178' title='bbox 118 1827 267 1900; x_wconf 91' lang='lat' dir='ltr'>omnibus</span> <span class='ocrx_word' id='word_1_179' title='bbox 278 1847 371 1920; x_wconf 86' lang='lat' dir='ltr'>quae</span> <span class='ocrx_word' id='word_1_180' title='bbox 384 1823 514 1894; x_wconf 87' lang='lat' dir='ltr'>tradita</span> <span class='ocrx_word' id='word_1_181' title='bbox 529 1836 646 1895; x_wconf 89' lang='lat' dir='ltr'>sunta</span> <span class='ocrx_word' id='word_1_182' title='bbox 663 1819 751 1910; x_wconf 86' lang='lat' dir='ltr'>ileo,</span> <span class='ocrx_word' id='word_1_183' title='bbox 776 1825 882 1896; x_wconf 88' lang='lat' dir='ltr'>etiam</span> <span class='ocrx_word' id='word_1_184' title='bbox 899 1826 1094 1898; x_wconf 87' lang='lat' dir='ltr'>certissime</span> <span class='ocrx_word' id='word_1_185' title='bbox 1141 1818 1190 1896; x_wconf 81' lang='lat' dir='ltr'>Et</span> <span class='ocrx_word' id='word_1_186' title='bbox 1209 1837 1355 1916; x_wconf 86' lang='lat' dir='ltr'>propter</span> <span class='ocrx_word' id='word_1_187' title='bbox 1379 1819 1602 1898; x_wconf 84' lang='lat' dir='ltr'>inherentem</span> <span class='ocrx_word' id='word_1_188' title='bbox 1618 1825 1794 1904; x_wconf 85' lang='lat' dir='ltr'>iusticiam</span> <span class='ocrx_word' id='word_1_189' title='bbox 1813 1855 1856 1904; x_wconf 88' lang='lat' dir='ltr'>eo</span> <span class='ocrx_word' id='word_1_190' title='bbox 1869 1825 1955 1909; x_wconf 90' lang='lat' dir='ltr'>iusti</span> <span class='ocrx_word' id='word_1_191' title='bbox 1970 1839 2137 1930; x_wconf 87' lang='lat' dir='ltr'>dicimur,</span> 
     </span>
     <span class='ocr_line' id='line_1_17' title="bbox 119 1925 2136 2032; baseline 0.003 -34"><span class='ocrx_word' id='word_1_192' title='bbox 119 1947 152 2002; x_wconf 85' lang='lat' dir='ltr'>et</span> <span class='ocrx_word' id='word_1_193' title='bbox 164 1931 232 2001; x_wconf 88' lang='lat' dir='ltr'>sine</span> <span class='ocrx_word' id='word_1_194' title='bbox 245 1926 354 2000; x_wconf 89' lang='lat' dir='ltr'>dubio</span> <span class='ocrx_word' id='word_1_195' title='bbox 372 1925 573 1998; x_wconf 84' lang='lat' dir='ltr'>adsentitur</span> <span class='ocrx_word' id='word_1_196' title='bbox 588 1925 886 2018; x_wconf 86' lang='lat' dir='ltr'>promissionibus</span> <span class='ocrx_word' id='word_1_197' title='bbox 907 1928 1013 1999; x_wconf 91' lang='lat' dir='ltr'>uobis</span> <span class='ocrx_word' id='word_1_198' title='bbox 1033 1953 1094 2000; x_wconf 84' lang='lat' dir='ltr'>es·</span> <span class='ocrx_word' id='word_1_199' title='bbox 1141 1925 1227 2020; x_wconf 84' lang='lat' dir='ltr'>quie</span> <span class='ocrx_word' id='word_1_200' title='bbox 1240 1949 1333 2021; x_wconf 87' lang='lat' dir='ltr'>quae</span> <span class='ocrx_word' id='word_1_201' title='bbox 1346 1926 1438 1999; x_wconf 90' lang='lat' dir='ltr'>iusta</span> <span class='ocrx_word' id='word_1_202' title='bbox 1455 1941 1539 2000; x_wconf 90' lang='lat' dir='ltr'>sunt</span> <span class='ocrx_word' id='word_1_203' title='bbox 1555 1951 1756 2022; x_wconf 85' lang='lat' dir='ltr'>operamur,</span> <span class='ocrx_word' id='word_1_204' title='bbox 1779 1932 1877 2010; x_wconf 82' lang='lat' dir='ltr'>iuxta</span> <span class='ocrx_word' id='word_1_205' title='bbox 1893 1937 1985 2032; x_wconf 72' lang='lat' dir='ltr'>iflqd</span> <span class='ocrx_word' id='word_1_206' title='bbox 2003 1937 2136 2015; x_wconf 67' lang='lat' dir='ltr'>lohan-</span> 
     </span>
     <span class='ocr_line' id='line_1_18' title="bbox 118 2025 2093 2124; baseline 0.002 -20"><span class='ocrx_word' id='word_1_207' title='bbox 118 2029 269 2104; x_wconf 89' lang='lat' dir='ltr'>hibitisa</span> <span class='ocrx_word' id='word_1_208' title='bbox 293 2030 385 2109; x_wconf 84' lang='lat' dir='ltr'>deo,</span> <span class='ocrx_word' id='word_1_209' title='bbox 414 2027 482 2124; x_wconf 85' lang='lat' dir='ltr'>qui</span> <span class='ocrx_word' id='word_1_210' title='bbox 503 2039 545 2099; x_wconf 92' lang='lat' dir='ltr'>ut</span> <span class='ocrx_word' id='word_1_211' title='bbox 565 2026 700 2100; x_wconf 87' lang='lat' dir='ltr'>dieitur</span> <span class='ocrx_word' id='word_1_212' title='bbox 721 2025 761 2100; x_wconf 87' lang='lat' dir='ltr'>iu</span> <span class='ocrx_word' id='word_1_213' title='bbox 776 2029 933 2122; x_wconf 89' lang='lat' dir='ltr'>psalmo,</span> <span class='ocrx_word' id='word_1_214' title='bbox 958 2027 1094 2104; x_wconf 83' lang='lat' dir='ltr'>Fidelis</span> <span class='ocrx_word' id='word_1_215' title='bbox 1141 2027 1219 2111; x_wconf 88' lang='lat' dir='ltr'>uis,</span> <span class='ocrx_word' id='word_1_216' title='bbox 1244 2027 1308 2124; x_wconf 89' lang='lat' dir='ltr'>qui</span> <span class='ocrx_word' id='word_1_217' title='bbox 1322 2028 1406 2101; x_wconf 85' lang='lat' dir='ltr'>iacit</span> <span class='ocrx_word' id='word_1_218' title='bbox 1420 2029 1598 2102; x_wconf 89' lang='lat' dir='ltr'>iusticiam</span> <span class='ocrx_word' id='word_1_219' title='bbox 1615 2029 1729 2105; x_wconf 90' lang='lat' dir='ltr'>iustus</span> <span class='ocrx_word' id='word_1_220' title='bbox 1746 2045 1809 2111; x_wconf 90' lang='lat' dir='ltr'>est.</span> <span class='ocrx_word' id='word_1_221' title='bbox 1922 2054 1926 2064; x_wconf 91' lang='lat'><em>·</em></span> <span class='ocrx_word' id='word_1_222' title='bbox 2090 2055 2093 2062; x_wconf 82' lang='grc'><strong>’</strong></span> 
     </span>
     <span class='ocr_line' id='line_1_19' title="bbox 116 2127 1839 2208; baseline 0.002 -2"><span class='ocrx_word' id='word_1_223' title='bbox 116 2149 162 2206; x_wconf 85' lang='lat' dir='ltr'>est</span> <span class='ocrx_word' id='word_1_224' title='bbox 184 2134 219 2204; x_wconf 87' lang='lat' dir='ltr'>io</span> <span class='ocrx_word' id='word_1_225' title='bbox 246 2132 416 2204; x_wconf 87' lang='lat' dir='ltr'>omnibus</span> <span class='ocrx_word' id='word_1_226' title='bbox 442 2128 562 2204; x_wconf 82' lang='lat' dir='ltr'>verbis</span> <span class='ocrx_word' id='word_1_227' title='bbox 580 2129 665 2202; x_wconf 88' lang='lat' dir='ltr'>suis.</span> <span class='ocrx_word' id='word_1_228' title='bbox 722 2127 772 2206; x_wconf 80' lang='lat' dir='ltr'>Et</span> <span class='ocrx_word' id='word_1_229' title='bbox 794 2155 839 2208; x_wconf 82' lang='lat' dir='ltr'>ex</span> <span class='ocrx_word' id='word_1_230' title='bbox 859 2143 901 2206; x_wconf 75' lang='lat' dir='ltr'>to</span> <span class='ocrx_word' id='word_1_231' title='bbox 926 2132 1093 2205; x_wconf 86' lang='lat' dir='ltr'>iidbeiam</span> <span class='ocrx_word' id='word_1_232' title='bbox 1834 2189 1839 2198; x_wconf 83' lang='lat'><strong>·</strong></span> 
     </span>
     <span class='ocr_line' id='line_1_20' title="bbox 113 2220 2133 2332; baseline 0.008 -27"><span class='ocrx_word' id='word_1_233' title='bbox 113 2238 197 2330; x_wconf 84' lang='lat' dir='ltr'>capit</span> <span class='ocrx_word' id='word_1_234' title='bbox 209 2247 357 2330; x_wconf 87' lang='lat' dir='ltr'>propter</span> <span class='ocrx_word' id='word_1_235' title='bbox 369 2231 643 2326; x_wconf 80' lang='lat' dir='ltr'>promissionem</span> <span class='ocrx_word' id='word_1_236' title='bbox 658 2231 736 2319; x_wconf 85' lang='lat' dir='ltr'>dei,</span> <span class='ocrx_word' id='word_1_237' title='bbox 759 2252 829 2332; x_wconf 79' lang='lat' dir='ltr'>qua</span> <span class='ocrx_word' id='word_1_238' title='bbox 848 2230 1028 2326; x_wconf 75' lang='lat' dir='ltr'>pollicitos</span> <span class='ocrx_word' id='word_1_239' title='bbox 1042 2249 1094 2308; x_wconf 90' lang='lat' dir='ltr'>est</span> <span class='ocrx_word' id='word_1_240' title='bbox 1237 2220 1294 2304; x_wconf 76' lang='lat' dir='ltr'>Et</span> <span class='ocrx_word' id='word_1_241' title='bbox 1306 2255 1522 2328; x_wconf 83' lang='lat' dir='ltr'>quamquam</span> <span class='ocrx_word' id='word_1_242' title='bbox 1537 2231 1577 2304; x_wconf 92' lang='lat' dir='ltr'>in</span> <span class='ocrx_word' id='word_1_243' title='bbox 1593 2226 1726 2310; x_wconf 77' lang='lat' dir='ltr'>renatis</span> <span class='ocrx_word' id='word_1_244' title='bbox 1740 2259 1880 2331; x_wconf 86' lang='lat' dir='ltr'>seruper</span> <span class='ocrx_word' id='word_1_245' title='bbox 1893 2263 2047 2318; x_wconf 84' lang='lat' dir='ltr'>crescere</span> <span class='ocrx_word' id='word_1_246' title='bbox 2069 2248 2133 2320; x_wconf 89' lang='lat' dir='ltr'>de-</span> 
     </span>
     <span class='ocr_line' id='line_1_21' title="bbox 113 2333 2214 2431; baseline 0.005 -19"><span class='ocrx_word' id='word_1_247' title='bbox 113 2364 146 2412; x_wconf 91' lang='lat' dir='ltr'>se</span> <span class='ocrx_word' id='word_1_248' title='bbox 165 2337 266 2431; x_wconf 87' lang='lat' dir='ltr'>gratis</span> <span class='ocrx_word' id='word_1_249' title='bbox 286 2335 520 2408; x_wconf 89' lang='lat' dir='ltr'>remissurum</span> <span class='ocrx_word' id='word_1_250' title='bbox 542 2345 700 2426; x_wconf 86' lang='lat' dir='ltr'>peecata,</span> <span class='ocrx_word' id='word_1_251' title='bbox 724 2350 759 2410; x_wconf 85' lang='lat' dir='ltr'>ot</span> <span class='ocrx_word' id='word_1_252' title='bbox 779 2337 1031 2429; x_wconf 85' lang='lat' dir='ltr'>adoptaturum</span> <span class='ocrx_word' id='word_1_253' title='bbox 1054 2338 1094 2408; x_wconf 91' lang='lat' dir='ltr'>in</span> <span class='ocrx_word' id='word_1_254' title='bbox 1142 2335 1246 2420; x_wconf 88' lang='lat' dir='ltr'>beot,</span> <span class='ocrx_word' id='word_1_255' title='bbox 1276 2333 1387 2422; x_wconf 85' lang='lat' dir='ltr'>timor</span> <span class='ocrx_word' id='word_1_256' title='bbox 1407 2335 1486 2421; x_wconf 92' lang='lat' dir='ltr'>dei,</span> <span class='ocrx_word' id='word_1_257' title='bbox 1517 2335 1756 2428; x_wconf 81' lang='lat' dir='ltr'>poenitentia,</span> <span class='ocrx_word' id='word_1_258' title='bbox 1781 2333 1966 2417; x_wconf 85' lang='lat' dir='ltr'>humilitas</span> <span class='ocrx_word' id='word_1_259' title='bbox 1985 2359 2021 2420; x_wconf 91' lang='lat' dir='ltr'>et</span> <span class='ocrx_word' id='word_1_260' title='bbox 2041 2350 2132 2422; x_wconf 86' lang='lat' dir='ltr'>aliae</span> <span class='ocrx_word' id='word_1_261' title='bbox 2195 2361 2214 2400; x_wconf 70' lang='lat'>&#39;·</span> 
     </span>
     <span class='ocr_line' id='line_1_22' title="bbox 112 2431 2254 2538; baseline 0.006 -26"><span class='ocrx_word' id='word_1_262' title='bbox 112 2445 197 2512; x_wconf 89' lang='lat' dir='ltr'>iiiios</span> <span class='ocrx_word' id='word_1_263' title='bbox 218 2441 400 2511; x_wconf 82' lang='lat' dir='ltr'>credentes</span> <span class='ocrx_word' id='word_1_264' title='bbox 423 2436 461 2506; x_wconf 93' lang='lat' dir='ltr'>in</span> <span class='ocrx_word' id='word_1_265' title='bbox 484 2431 688 2522; x_wconf 85' lang='lat' dir='ltr'>Christum,</span> <span class='ocrx_word' id='word_1_266' title='bbox 720 2461 781 2510; x_wconf 88' lang='lat' dir='ltr'>eos</span> <span class='ocrx_word' id='word_1_267' title='bbox 803 2438 970 2534; x_wconf 90' lang='lat' dir='ltr'>inquam,</span> <span class='ocrx_word' id='word_1_268' title='bbox 1004 2461 1094 2534; x_wconf 87' lang='lat' dir='ltr'>quos</span> <span class='ocrx_word' id='word_1_269' title='bbox 1142 2435 1309 2520; x_wconf 82' lang='lat' dir='ltr'>virtutes,</span> <span class='ocrx_word' id='word_1_270' title='bbox 1334 2459 1414 2510; x_wconf 81' lang='lat' dir='ltr'>cum</span> <span class='ocrx_word' id='word_1_271' title='bbox 1437 2437 1622 2508; x_wconf 85' lang='lat' dir='ltr'>renovatio</span> <span class='ocrx_word' id='word_1_272' title='bbox 1643 2439 1690 2511; x_wconf 89' lang='lat' dir='ltr'>sit</span> <span class='ocrx_word' id='word_1_273' title='bbox 1710 2439 1936 2536; x_wconf 78' lang='lat' dir='ltr'>imperfecta,</span> <span class='ocrx_word' id='word_1_274' title='bbox 1960 2462 1998 2520; x_wconf 87' lang='lat' dir='ltr'>et</span> <span class='ocrx_word' id='word_1_275' title='bbox 2011 2443 2133 2527; x_wconf 88' lang='lat' dir='ltr'>hereat</span> <span class='ocrx_word' id='word_1_276' title='bbox 2250 2529 2254 2538; x_wconf 62' lang='grc'><em>,</em></span> 
     </span>
     <span class='ocr_line' id='line_1_23' title="bbox 109 2531 2133 2642; baseline 0.006 -27"><span class='ocrx_word' id='word_1_277' title='bbox 109 2543 230 2642; x_wconf 86' lang='lat' dir='ltr'>prioris</span> <span class='ocrx_word' id='word_1_278' title='bbox 250 2541 347 2612; x_wconf 82' lang='lat' dir='ltr'>vitae</span> <span class='ocrx_word' id='word_1_279' title='bbox 368 2539 596 2634; x_wconf 87' lang='lat' dir='ltr'>poenituerit.</span> <span class='ocrx_word' id='word_1_280' title='bbox 647 2535 697 2612; x_wconf 86' lang='lat' dir='ltr'>Et</span> <span class='ocrx_word' id='word_1_281' title='bbox 719 2531 784 2614; x_wconf 89' lang='lat' dir='ltr'>hae</span> <span class='ocrx_word' id='word_1_282' title='bbox 808 2541 877 2614; x_wconf 85' lang='lat' dir='ltr'>lide</span> <span class='ocrx_word' id='word_1_283' title='bbox 891 2539 1038 2632; x_wconf 90' lang='lat' dir='ltr'>erigitur</span> <span class='ocrx_word' id='word_1_284' title='bbox 1054 2541 1094 2612; x_wconf 93' lang='lat' dir='ltr'>in</span> <span class='ocrx_word' id='word_1_285' title='bbox 1143 2538 1251 2610; x_wconf 89' lang='lat' dir='ltr'>ineis</span> <span class='ocrx_word' id='word_1_286' title='bbox 1268 2537 1394 2630; x_wconf 89' lang='lat' dir='ltr'>ingens</span> <span class='ocrx_word' id='word_1_287' title='bbox 1413 2537 1618 2626; x_wconf 83' lang='lat' dir='ltr'>iufirmitas3</span> <span class='ocrx_word' id='word_1_288' title='bbox 1646 2555 1766 2614; x_wconf 89' lang='lat' dir='ltr'>tamen</span> <span class='ocrx_word' id='word_1_289' title='bbox 1780 2546 1982 2620; x_wconf 89' lang='lat' dir='ltr'>docendum</span> <span class='ocrx_word' id='word_1_290' title='bbox 1995 2566 2066 2641; x_wconf 89' lang='lat' dir='ltr'>est,</span> <span class='ocrx_word' id='word_1_291' title='bbox 2092 2569 2133 2626; x_wconf 90' lang='lat' dir='ltr'>ut</span> 
     </span>
     <span class='ocr_line' id='line_1_24' title="bbox 113 2637 2133 2736; baseline 0.006 -20"><span class='ocrx_word' id='word_1_292' title='bbox 113 2649 213 2718; x_wconf 91' lang='lat' dir='ltr'>deum</span> <span class='ocrx_word' id='word_1_293' title='bbox 233 2669 251 2715; x_wconf 94' lang='lat' dir='ltr'>a</span> <span class='ocrx_word' id='word_1_294' title='bbox 273 2640 403 2736; x_wconf 87' lang='lat' dir='ltr'>spiritu</span> <span class='ocrx_word' id='word_1_295' title='bbox 428 2656 569 2727; x_wconf 87' lang='lat' dir='ltr'>sancto,</span> <span class='ocrx_word' id='word_1_296' title='bbox 602 2637 757 2736; x_wconf 89' lang='lat' dir='ltr'>ideoque</span> <span class='ocrx_word' id='word_1_297' title='bbox 780 2643 907 2736; x_wconf 88' lang='lat' dir='ltr'>accipit</span> <span class='ocrx_word' id='word_1_298' title='bbox 929 2643 1094 2734; x_wconf 87' lang='lat' dir='ltr'>spiritum</span> <span class='ocrx_word' id='word_1_299' title='bbox 1143 2639 1206 2736; x_wconf 90' lang='lat' dir='ltr'>qui</span> <span class='ocrx_word' id='word_1_300' title='bbox 1229 2663 1311 2712; x_wconf 79' lang='lat' dir='ltr'>vere</span> <span class='ocrx_word' id='word_1_301' title='bbox 1333 2640 1534 2734; x_wconf 90' lang='lat' dir='ltr'>poenitent,</span> <span class='ocrx_word' id='word_1_302' title='bbox 1574 2665 1715 2735; x_wconf 90' lang='lat' dir='ltr'>semper</span> <span class='ocrx_word' id='word_1_303' title='bbox 1737 2645 1805 2716; x_wconf 88' lang='lat' dir='ltr'>fide</span> <span class='ocrx_word' id='word_1_304' title='bbox 1832 2648 2133 2727; x_wconf 75' lang='lat' dir='ltr'>certissima&#39;sen&#39;·</span> 
     </span>
     <span class='ocr_line' id='line_1_25' title="bbox 113 2741 2131 2851; baseline 0.005 -33"><span class='ocrx_word' id='word_1_305' title='bbox 113 2761 282 2832; x_wconf 87' lang='lat' dir='ltr'>sanctum,</span> <span class='ocrx_word' id='word_1_306' title='bbox 302 2742 548 2816; x_wconf 84' lang='lat' dir='ltr'>remissionem</span> <span class='ocrx_word' id='word_1_307' title='bbox 563 2756 796 2835; x_wconf 87' lang='lat' dir='ltr'>peccatorum,</span> <span class='ocrx_word' id='word_1_308' title='bbox 822 2745 1094 2840; x_wconf 76' lang='lat' dir='ltr'>imputationem</span> <span class='ocrx_word' id='word_1_309' title='bbox 1142 2743 1252 2828; x_wconf 83' lang='lat' dir='ltr'>tisat,</span> <span class='ocrx_word' id='word_1_310' title='bbox 1281 2765 1320 2812; x_wconf 84' lang='lat' dir='ltr'>se</span> <span class='ocrx_word' id='word_1_311' title='bbox 1341 2756 1487 2836; x_wconf 88' lang='lat' dir='ltr'>propter</span> <span class='ocrx_word' id='word_1_312' title='bbox 1507 2743 1739 2816; x_wconf 89' lang='lat' dir='ltr'>mediatorem</span> <span class='ocrx_word' id='word_1_313' title='bbox 1761 2741 1944 2820; x_wconf 88' lang='lat' dir='ltr'>Christum</span> <span class='ocrx_word' id='word_1_314' title='bbox 1966 2754 2033 2826; x_wconf 91' lang='lat' dir='ltr'>deo</span> <span class='ocrx_word' id='word_1_315' title='bbox 2053 2758 2131 2851; x_wconf 80' lang='lat' dir='ltr'>pia-</span> 
     </span>
     <span class='ocr_line' id='line_1_26' title="bbox 113 2837 2133 3016; baseline 0 -98"><span class='ocrx_word' id='word_1_316' title='bbox 113 2848 266 2922; x_wconf 85' lang='lat' dir='ltr'>iusticiae</span> <span class='ocrx_word' id='word_1_317' title='bbox 280 2859 312 2918; x_wconf 89' lang='lat' dir='ltr'>et</span> <span class='ocrx_word' id='word_1_318' title='bbox 328 2847 516 2916; x_wconf 89' lang='lat' dir='ltr'>innumera</span> <span class='ocrx_word' id='word_1_319' title='bbox 533 2845 603 2916; x_wconf 86' lang='lat' dir='ltr'>alia</span> <span class='ocrx_word' id='word_1_320' title='bbox 621 2845 726 2920; x_wconf 91' lang='lat' dir='ltr'>dona.</span> <span class='ocrx_word' id='word_1_321' title='bbox 1143 2867 1233 2918; x_wconf 88' lang='lat' dir='ltr'>cere.</span> <span class='ocrx_word' id='word_1_322' title='bbox 1281 2841 1381 3016; x_wconf 55' lang='lat' dir='ltr'>ffuia</span> <span class='ocrx_word' id='word_1_323' title='bbox 1395 2837 1560 2914; x_wconf 87' lang='lat' dir='ltr'>Christus</span> <span class='ocrx_word' id='word_1_324' title='bbox 1571 2858 1633 2922; x_wconf 86' lang='lat' dir='ltr'>est</span> <span class='ocrx_word' id='word_1_325' title='bbox 1653 2847 1890 2948; x_wconf 76' lang='lat' dir='ltr'>propitiator,</span> <span class='ocrx_word' id='word_1_326' title='bbox 1917 2857 2076 2944; x_wconf 72' lang='lat' dir='ltr'>pontifex</span> <span class='ocrx_word' id='word_1_327' title='bbox 2097 2874 2133 2933; x_wconf 64' lang='lat' dir='ltr'>et</span> 
     </span>
     <span class='ocr_line' id='line_1_27' title="bbox 288 2945 2133 3047; baseline 0.011 -35"><span class='ocrx_word' id='word_1_328' title='bbox 288 2955 293 2970; x_wconf 89' lang='grc'><em>·</em></span> <span class='ocrx_word' id='word_1_329' title='bbox 532 3009 562 3047; x_wconf 83' lang='lat'>·.·</span> <span class='ocrx_word' id='word_1_330' title='bbox 676 3007 678 3012; x_wconf 89' lang='lat'><em>.</em></span> <span class='ocrx_word' id='word_1_331' title='bbox 1143 2945 1282 3038; x_wconf 89' lang='lat' dir='ltr'>interpe</span> <span class='ocrx_word' id='word_1_332' title='bbox 1311 2959 1466 3038; x_wconf 84' lang='lat' dir='ltr'>atorpro</span> <span class='ocrx_word' id='word_1_333' title='bbox 1483 2945 1605 3032; x_wconf 89' lang='lat' dir='ltr'>nobis,</span> <span class='ocrx_word' id='word_1_334' title='bbox 1631 2971 1736 3042; x_wconf 90' lang='lat' dir='ltr'>quem</span> <span class='ocrx_word' id='word_1_335' title='bbox 1753 2951 2133 3040; x_wconf 89' lang='lat' dir='ltr'>paterdouavitnobis</span> 
     </span>
     <span class='ocr_line' id='line_1_28' title="bbox 204 3044 2131 3155; baseline 0.006 -31"><span class='ocrx_word' id='word_1_336' title='bbox 204 3051 323 3124; x_wconf 81' lang='lat' dir='ltr'>Firma</span> <span class='ocrx_word' id='word_1_337' title='bbox 345 3049 466 3144; x_wconf 90' lang='lat' dir='ltr'>itaque</span> <span class='ocrx_word' id='word_1_338' title='bbox 489 3044 542 3118; x_wconf 77' lang='lat' dir='ltr'>e&#39;st</span> <span class='ocrx_word' id='word_1_339' title='bbox 562 3061 597 3118; x_wconf 86' lang='lat' dir='ltr'>et</span> <span class='ocrx_word' id='word_1_340' title='bbox 619 3069 701 3118; x_wconf 86' lang='lat' dir='ltr'>sana</span> <span class='ocrx_word' id='word_1_341' title='bbox 724 3048 886 3120; x_wconf 88' lang='lat' dir='ltr'>doctrina</span> <span class='ocrx_word' id='word_1_342' title='bbox 908 3074 971 3143; x_wconf 82' lang='lat' dir='ltr'>per</span> <span class='ocrx_word' id='word_1_343' title='bbox 988 3051 1093 3120; x_wconf 83' lang='lat' dir='ltr'>tidem</span> <span class='ocrx_word' id='word_1_344' title='bbox 1143 3062 1178 3120; x_wconf 90' lang='lat' dir='ltr'>et</span> <span class='ocrx_word' id='word_1_345' title='bbox 1191 3047 1311 3120; x_wconf 89' lang='lat' dir='ltr'>omnia</span> <span class='ocrx_word' id='word_1_346' title='bbox 1328 3048 1421 3118; x_wconf 87' lang='lat' dir='ltr'>bona</span> <span class='ocrx_word' id='word_1_347' title='bbox 1436 3071 1516 3118; x_wconf 88' lang='lat' dir='ltr'>cum</span> <span class='ocrx_word' id='word_1_348' title='bbox 1531 3047 1606 3126; x_wconf 87' lang='lat' dir='ltr'>iilo.</span> <span class='ocrx_word' id='word_1_349' title='bbox 1645 3047 1826 3138; x_wconf 87' lang='lat' dir='ltr'>Quoniam</span> <span class='ocrx_word' id='word_1_350' title='bbox 1841 3065 1959 3126; x_wconf 88' lang='lat' dir='ltr'>autem</span> <span class='ocrx_word' id='word_1_351' title='bbox 1978 3061 2131 3155; x_wconf 86' lang='lat' dir='ltr'>perfecta</span> 
     </span>
     <span class='ocr_line' id='line_1_29' title="bbox 112 3143 2132 3260; baseline 0.007 -36"><span class='ocrx_word' id='word_1_352' title='bbox 112 3160 224 3226; x_wconf 77' lang='lat' dir='ltr'>visam</span> <span class='ocrx_word' id='word_1_353' title='bbox 247 3153 482 3246; x_wconf 11' lang='lat' dir='ltr'>etp-efficacem</span> <span class='ocrx_word' id='word_1_354' title='bbox 505 3149 942 3244; x_wconf 80' lang='lat' dir='ltr'>iustificaripecestorem.</span> <span class='ocrx_word' id='word_1_355' title='bbox 1003 3151 1093 3224; x_wconf 83' lang='lat' dir='ltr'>Nam</span> <span class='ocrx_word' id='word_1_356' title='bbox 1123 3151 1321 3224; x_wconf 61' lang='lat' dir='ltr'>,certitudo</span> <span class='ocrx_word' id='word_1_357' title='bbox 1345 3143 1473 3220; x_wconf 80' lang='lat' dir='ltr'>inhac&#39;</span> <span class='ocrx_word' id='word_1_358' title='bbox 1500 3149 1743 3225; x_wconf 83' lang='lat' dir='ltr'>imbecillitate</span> <span class='ocrx_word' id='word_1_359' title='bbox 1769 3177 1844 3226; x_wconf 93' lang='lat' dir='ltr'>uon</span> <span class='ocrx_word' id='word_1_360' title='bbox 1870 3169 1941 3244; x_wconf 87' lang='lat' dir='ltr'>est,</span> <span class='ocrx_word' id='word_1_361' title='bbox 1978 3176 2132 3260; x_wconf 82' lang='lat' dir='ltr'>suntque</span> 
     </span>
     <span class='ocr_line' id='line_1_30' title="bbox 113 3249 2246 3358; baseline 0.004 -29"><span class='ocrx_word' id='word_1_362' title='bbox 113 3258 280 3350; x_wconf 82' lang='lat' dir='ltr'>perillam</span> <span class='ocrx_word' id='word_1_363' title='bbox 296 3257 365 3326; x_wconf 91' lang='lat' dir='ltr'>deo</span> <span class='ocrx_word' id='word_1_364' title='bbox 381 3253 473 3344; x_wconf 89' lang='lat' dir='ltr'>grati</span> <span class='ocrx_word' id='word_1_365' title='bbox 488 3265 523 3324; x_wconf 89' lang='lat' dir='ltr'>et</span> <span class='ocrx_word' id='word_1_366' title='bbox 538 3252 670 3344; x_wconf 87' lang='lat' dir='ltr'>accepti</span> <span class='ocrx_word' id='word_1_367' title='bbox 688 3275 810 3324; x_wconf 76' lang='lat' dir='ltr'>strutus</span> <span class='ocrx_word' id='word_1_368' title='bbox 824 3259 971 3346; x_wconf 87' lang='lat' dir='ltr'>p&#39;ropter</span> <span class='ocrx_word' id='word_1_369' title='bbox 985 3249 1094 3325; x_wconf 89' lang='lat' dir='ltr'>Chri·</span> <span class='ocrx_word' id='word_1_370' title='bbox 1144 3251 1278 3324; x_wconf 90' lang='lat' dir='ltr'>multae</span> <span class='ocrx_word' id='word_1_371' title='bbox 1291 3251 1453 3324; x_wconf 81' lang='lat' dir='ltr'>infirmae</span> <span class='ocrx_word' id='word_1_372' title='bbox 1465 3265 1498 3323; x_wconf 89' lang='lat' dir='ltr'>et</span> <span class='ocrx_word' id='word_1_373' title='bbox 1511 3251 1661 3347; x_wconf 86' lang='lat' dir='ltr'>pavidae</span> <span class='ocrx_word' id='word_1_374' title='bbox 1673 3255 1921 3346; x_wconf 87' lang='lat' dir='ltr'>conscientiae,</span> <span class='ocrx_word' id='word_1_375' title='bbox 1946 3279 2036 3358; x_wconf 87' lang='lat' dir='ltr'>quae</span> <span class='ocrx_word' id='word_1_376' title='bbox 2050 3289 2131 3337; x_wconf 91' lang='lat' dir='ltr'>cum</span> <span class='ocrx_word' id='word_1_377' title='bbox 2244 3271 2246 3276; x_wconf 84' lang='lat'>&#39;</span> 
     </span>
     <span class='ocr_line' id='line_1_31' title="bbox 110 3353 2133 3450; baseline 0.004 -18"><span class='ocrx_word' id='word_1_378' title='bbox 110 3377 209 3436; x_wconf 87' lang='lat' dir='ltr'>stum.</span> <span class='ocrx_word' id='word_1_379' title='bbox 260 3357 438 3430; x_wconf 83' lang='lat' dir='ltr'>Vocamus</span> <span class='ocrx_word' id='word_1_380' title='bbox 464 3368 583 3428; x_wconf 82' lang='lat' dir='ltr'>sotem</span> <span class='ocrx_word' id='word_1_381' title='bbox 605 3355 711 3424; x_wconf 79' lang='lat' dir='ltr'>iidem</span> <span class='ocrx_word' id='word_1_382' title='bbox 732 3356 849 3426; x_wconf 88' lang='lat' dir='ltr'>vivam</span> <span class='ocrx_word' id='word_1_383' title='bbox 868 3370 1004 3450; x_wconf 89' lang='lat' dir='ltr'>motum</span> <span class='ocrx_word' id='word_1_384' title='bbox 1020 3355 1095 3448; x_wconf 83' lang='lat' dir='ltr'>spi·</span> <span class='ocrx_word' id='word_1_385' title='bbox 1143 3355 1244 3448; x_wconf 83' lang='lat' dir='ltr'>gravi</span> <span class='ocrx_word' id='word_1_386' title='bbox 1271 3377 1374 3446; x_wconf 85' lang='lat' dir='ltr'>saepe</span> <span class='ocrx_word' id='word_1_387' title='bbox 1400 3353 1624 3425; x_wconf 87' lang='lat' dir='ltr'>dubitatione</span> <span class='ocrx_word' id='word_1_388' title='bbox 1654 3355 1866 3446; x_wconf 77' lang='lat' dir='ltr'>luctantur,</span> <span class='ocrx_word' id='word_1_389' title='bbox 1896 3383 2001 3436; x_wconf 92' lang='lat' dir='ltr'>nemo</span> <span class='ocrx_word' id='word_1_390' title='bbox 2031 3381 2083 3440; x_wconf 85' lang='lat' dir='ltr'>est</span> <span class='ocrx_word' id='word_1_391' title='bbox 2112 3391 2133 3441; x_wconf 90' lang='lat' dir='ltr'>a</span> 
     </span>
     <span class='ocr_line' id='line_1_32' title="bbox 110 3451 2141 3554; baseline 0.001 -18"><span class='ocrx_word' id='word_1_392' title='bbox 110 3465 194 3538; x_wconf 88' lang='lat' dir='ltr'>ritus</span> <span class='ocrx_word' id='word_1_393' title='bbox 222 3460 354 3546; x_wconf 85' lang='lat' dir='ltr'>ssnrti,</span> <span class='ocrx_word' id='word_1_394' title='bbox 390 3481 463 3554; x_wconf 91' lang='lat' dir='ltr'>quo</span> <span class='ocrx_word' id='word_1_395' title='bbox 486 3479 569 3526; x_wconf 86' lang='lat' dir='ltr'>vere</span> <span class='ocrx_word' id='word_1_396' title='bbox 593 3457 814 3548; x_wconf 88' lang='lat' dir='ltr'>poenitentes</span> <span class='ocrx_word' id='word_1_397' title='bbox 838 3459 965 3530; x_wconf 76' lang='lat' dir='ltr'>veteris</span> <span class='ocrx_word' id='word_1_398' title='bbox 988 3459 1094 3544; x_wconf 85' lang='lat' dir='ltr'>vitae,</span> <span class='ocrx_word' id='word_1_399' title='bbox 1144 3457 1254 3549; x_wconf 87' lang='lat' dir='ltr'>gratia</span> <span class='ocrx_word' id='word_1_400' title='bbox 1278 3451 1414 3528; x_wconf 83' lang='lat' dir='ltr'>Christi</span> <span class='ocrx_word' id='word_1_401' title='bbox 1442 3467 1589 3548; x_wconf 86' lang='lat' dir='ltr'>propter</span> <span class='ocrx_word' id='word_1_402' title='bbox 1610 3456 1785 3529; x_wconf 87' lang='lat' dir='ltr'>eiusmodi</span> <span class='ocrx_word' id='word_1_403' title='bbox 1807 3461 2047 3538; x_wconf 84' lang='lat' dir='ltr'>infirmitatem</span> <span class='ocrx_word' id='word_1_404' title='bbox 2071 3469 2141 3540; x_wconf 80' lang='lat' dir='ltr'>ex·&#39;</span> 
     </span>
     <span class='ocr_line' id='line_1_33' title="bbox 111 3553 2133 3658; baseline 0.003 -22"><span class='ocrx_word' id='word_1_405' title='bbox 111 3564 290 3654; x_wconf 83' lang='lat' dir='ltr'>eriguntur</span> <span class='ocrx_word' id='word_1_406' title='bbox 309 3563 356 3632; x_wconf 91' lang='lat' dir='ltr'>ad</span> <span class='ocrx_word' id='word_1_407' title='bbox 369 3559 504 3645; x_wconf 87' lang='lat' dir='ltr'>Deum,</span> <span class='ocrx_word' id='word_1_408' title='bbox 532 3571 567 3630; x_wconf 90' lang='lat' dir='ltr'>et</span> <span class='ocrx_word' id='word_1_409' title='bbox 587 3583 669 3628; x_wconf 88' lang='lat' dir='ltr'>vere</span> <span class='ocrx_word' id='word_1_410' title='bbox 689 3553 961 3652; x_wconf 85' lang='lat' dir='ltr'>apprehendunt</span> <span class='ocrx_word' id='word_1_411' title='bbox 986 3559 1095 3630; x_wconf 87' lang='lat' dir='ltr'>mise·</span> <span class='ocrx_word' id='word_1_412' title='bbox 1145 3559 1361 3640; x_wconf 84' lang='lat' dir='ltr'>eludendus,</span> <span class='ocrx_word' id='word_1_413' title='bbox 1390 3557 1450 3626; x_wconf 88' lang='lat' dir='ltr'>sed</span> <span class='ocrx_word' id='word_1_414' title='bbox 1473 3557 1640 3627; x_wconf 87' lang='lat' dir='ltr'>eonvenit</span> <span class='ocrx_word' id='word_1_415' title='bbox 1661 3559 1750 3629; x_wconf 88' lang='lat' dir='ltr'>tales</span> <span class='ocrx_word' id='word_1_416' title='bbox 1771 3561 1961 3652; x_wconf 77' lang='lat' dir='ltr'>diligenter</span> <span class='ocrx_word' id='word_1_417' title='bbox 1981 3563 2133 3658; x_wconf 89' lang='lat' dir='ltr'>hortari,</span> 
     </span>
     <span class='ocr_line' id='line_1_34' title="bbox 111 3655 2133 3752; baseline 0.002 -16"><span class='ocrx_word' id='word_1_418' title='bbox 111 3667 293 3738; x_wconf 87' lang='lat' dir='ltr'>ricordiam</span> <span class='ocrx_word' id='word_1_419' title='bbox 309 3663 349 3733; x_wconf 89' lang='lat' dir='ltr'>in</span> <span class='ocrx_word' id='word_1_420' title='bbox 363 3657 507 3734; x_wconf 83' lang='lat' dir='ltr'>Christo</span> <span class='ocrx_word' id='word_1_421' title='bbox 523 3659 751 3752; x_wconf 79' lang='lat' dir='ltr'>promissam,</span> <span class='ocrx_word' id='word_1_422' title='bbox 777 3677 816 3732; x_wconf 87' lang='lat' dir='ltr'>ut</span> <span class='ocrx_word' id='word_1_423' title='bbox 832 3661 901 3730; x_wconf 85' lang='lat' dir='ltr'>iam</span> <span class='ocrx_word' id='word_1_424' title='bbox 918 3671 999 3732; x_wconf 75' lang='lat' dir='ltr'>vere</span> <span class='ocrx_word' id='word_1_425' title='bbox 1012 3683 1096 3732; x_wconf 86' lang='lat' dir='ltr'>sen·</span> <span class='ocrx_word' id='word_1_426' title='bbox 1144 3655 1257 3734; x_wconf 85' lang='lat' dir='ltr'>uthis</span> <span class='ocrx_word' id='word_1_427' title='bbox 1272 3659 1557 3734; x_wconf 83' lang='lat' dir='ltr'>dubitationibus</span> <span class='ocrx_word' id='word_1_428' title='bbox 1573 3660 1825 3750; x_wconf 79' lang='lat' dir='ltr'>promissiones</span> <span class='ocrx_word' id='word_1_429' title='bbox 1836 3660 1972 3738; x_wconf 82' lang='lat' dir='ltr'>Christi</span> <span class='ocrx_word' id='word_1_430' title='bbox 1992 3670 2133 3744; x_wconf 85' lang='lat' dir='ltr'>fortiter</span> 
     </span>
     <span class='ocr_line' id='line_1_35' title="bbox 112 3761 2133 3862; baseline 0.001 -24"><span class='ocrx_word' id='word_1_431' title='bbox 112 3771 218 3854; x_wconf 80' lang='lat' dir='ltr'>tiam,</span> <span class='ocrx_word' id='word_1_432' title='bbox 249 3767 342 3861; x_wconf 91' lang='lat' dir='ltr'>quod</span> <span class='ocrx_word' id='word_1_433' title='bbox 369 3763 611 3834; x_wconf 85' lang='lat' dir='ltr'>remissionem</span> <span class='ocrx_word' id='word_1_434' title='bbox 640 3777 862 3855; x_wconf 79' lang='lat' dir='ltr'>peccatorum</span> <span class='ocrx_word' id='word_1_435' title='bbox 883 3777 920 3836; x_wconf 89' lang='lat' dir='ltr'>et</span> <span class='ocrx_word' id='word_1_436' title='bbox 935 3765 1095 3834; x_wconf 89' lang='lat' dir='ltr'>reconci-</span> <span class='ocrx_word' id='word_1_437' title='bbox 1145 3776 1346 3856; x_wconf 89' lang='lat' dir='ltr'>oppouant,</span> <span class='ocrx_word' id='word_1_438' title='bbox 1385 3775 1421 3834; x_wconf 87' lang='lat' dir='ltr'>et</span> <span class='ocrx_word' id='word_1_439' title='bbox 1450 3761 1569 3850; x_wconf 87' lang='lat' dir='ltr'>augeri</span> <span class='ocrx_word' id='word_1_440' title='bbox 1592 3761 1661 3834; x_wconf 92' lang='lat' dir='ltr'>sibi</span> <span class='ocrx_word' id='word_1_441' title='bbox 1685 3762 1790 3832; x_wconf 84' lang='lat' dir='ltr'>fidem</span> <span class='ocrx_word' id='word_1_442' title='bbox 1814 3766 1947 3838; x_wconf 85' lang='lat' dir='ltr'>sedulis</span> <span class='ocrx_word' id='word_1_443' title='bbox 1967 3773 2133 3862; x_wconf 88' lang='lat' dir='ltr'>precibus</span> 
     </span>
     <span class='ocr_line' id='line_1_36' title="bbox 114 3859 2176 3962; baseline 0.004 -24"><span class='ocrx_word' id='word_1_444' title='bbox 114 3872 288 3943; x_wconf 83' lang='lat' dir='ltr'>liatiooem</span> <span class='ocrx_word' id='word_1_445' title='bbox 310 3879 457 3962; x_wconf 90' lang='lat' dir='ltr'>propter</span> <span class='ocrx_word' id='word_1_446' title='bbox 477 3865 648 3936; x_wconf 89' lang='lat' dir='ltr'>meritum</span> <span class='ocrx_word' id='word_1_447' title='bbox 672 3859 825 3951; x_wconf 84' lang='lat' dir='ltr'>Christi,</span> <span class='ocrx_word' id='word_1_448' title='bbox 857 3866 1010 3957; x_wconf 89' lang='lat' dir='ltr'>gratuita</span> <span class='ocrx_word' id='word_1_449' title='bbox 1037 3863 1095 3938; x_wconf 87' lang='lat' dir='ltr'>dei</span> <span class='ocrx_word' id='word_1_450' title='bbox 1145 3879 1270 3950; x_wconf 84' lang='lat' dir='ltr'>orent,</span> <span class='ocrx_word' id='word_1_451' title='bbox 1301 3864 1396 3936; x_wconf 80' lang='lat' dir='ltr'>iusta</span> <span class='ocrx_word' id='word_1_452' title='bbox 1418 3863 1521 3939; x_wconf 89' lang='lat' dir='ltr'>iilud.</span> <span class='ocrx_word' id='word_1_453' title='bbox 1571 3861 1717 3954; x_wconf 78' lang='lat' dir='ltr'>Adauge</span> <span class='ocrx_word' id='word_1_454' title='bbox 1741 3865 1846 3938; x_wconf 88' lang='lat' dir='ltr'>nobis</span> <span class='ocrx_word' id='word_1_455' title='bbox 1869 3870 2008 3944; x_wconf 89' lang='lat' dir='ltr'>domini</span> <span class='ocrx_word' id='word_1_456' title='bbox 2026 3873 2133 3948; x_wconf 80' lang='lat' dir='ltr'>idem</span> <span class='ocrx_word' id='word_1_457' title='bbox 2174 3879 2176 3882; x_wconf 80' lang='grc'><strong>’</strong></span> 
     </span>
     <span class='ocr_line' id='line_1_37' title="bbox 111 3961 1291 4062; baseline -0.005 -18"><span class='ocrx_word' id='word_1_458' title='bbox 111 3973 265 4046; x_wconf 85' lang='lat' dir='ltr'>bonitate</span> <span class='ocrx_word' id='word_1_459' title='bbox 295 3979 527 4062; x_wconf 86' lang='lat' dir='ltr'>acceperunt,</span> <span class='ocrx_word' id='word_1_460' title='bbox 566 3980 602 4038; x_wconf 90' lang='lat' dir='ltr'>et</span> <span class='ocrx_word' id='word_1_461' title='bbox 633 3963 788 4040; x_wconf 86' lang='lat' dir='ltr'>clamant</span> <span class='ocrx_word' id='word_1_462' title='bbox 812 3968 858 4038; x_wconf 88' lang='lat' dir='ltr'>ad</span> <span class='ocrx_word' id='word_1_463' title='bbox 884 3991 965 4039; x_wconf 90' lang='lat' dir='ltr'>eum</span> <span class='ocrx_word' id='word_1_464' title='bbox 989 3969 1095 4040; x_wconf 86' lang='lat' dir='ltr'>Abba</span> <span class='ocrx_word' id='word_1_465' title='bbox 1145 3961 1291 4040; x_wconf 87' lang='lat' dir='ltr'>Christi.</span> 
     </span>
     <span class='ocr_line' id='line_1_38' title="bbox 115 4067 1256 4166; baseline -0.006 -22"><span class='ocrx_word' id='word_1_466' title='bbox 115 4091 219 4166; x_wconf 89' lang='lat' dir='ltr'>pater.</span> <span class='ocrx_word' id='word_1_467' title='bbox 265 4069 308 4144; x_wconf 90' lang='lat' dir='ltr'>id</span> <span class='ocrx_word' id='word_1_468' title='bbox 328 4073 427 4166; x_wconf 87' lang='lat' dir='ltr'>quod</span> <span class='ocrx_word' id='word_1_469' title='bbox 452 4083 574 4143; x_wconf 90' lang='lat' dir='ltr'>tamen</span> <span class='ocrx_word' id='word_1_470' title='bbox 596 4067 877 4162; x_wconf 90' lang='lat' dir='ltr'>nulliobtingit,</span> <span class='ocrx_word' id='word_1_471' title='bbox 902 4069 972 4140; x_wconf 89' lang='lat' dir='ltr'>nisi</span> <span class='ocrx_word' id='word_1_472' title='bbox 988 4070 1093 4142; x_wconf 88' lang='lat' dir='ltr'>etiam</span> <span class='ocrx_word' id='word_1_473' title='bbox 1254 4145 1256 4150; x_wconf 54' lang='grc'>,</span> 
     </span>
     <span class='ocr_line' id='line_1_39' title="bbox 113 4159 2135 4271; baseline 0.002 -27"><span class='ocrx_word' id='word_1_474' title='bbox 113 4177 213 4246; x_wconf 87' lang='lat' dir='ltr'>simul</span> <span class='ocrx_word' id='word_1_475' title='bbox 236 4175 449 4248; x_wconf 83' lang='lat' dir='ltr'>infundatur</span> <span class='ocrx_word' id='word_1_476' title='bbox 470 4170 615 4258; x_wconf 87' lang='lat' dir='ltr'>caritas,</span> <span class='ocrx_word' id='word_1_477' title='bbox 642 4194 771 4244; x_wconf 85' lang='lat' dir='ltr'>sanans</span> <span class='ocrx_word' id='word_1_478' title='bbox 789 4171 1030 4256; x_wconf 84' lang='lat' dir='ltr'>voluntatem,</span> <span class='ocrx_word' id='word_1_479' title='bbox 1056 4183 1097 4242; x_wconf 91' lang='lat' dir='ltr'>ut</span> <span class='ocrx_word' id='word_1_480' title='bbox 1248 4170 1336 4238; x_wconf 87' lang='lat' dir='ltr'>item</span> <span class='ocrx_word' id='word_1_481' title='bbox 1358 4159 1563 4241; x_wconf 82' lang='lat' dir='ltr'>Christiano</span> <span class='ocrx_word' id='word_1_482' title='bbox 1591 4169 1719 4263; x_wconf 87' lang='lat' dir='ltr'>cuique</span> <span class='ocrx_word' id='word_1_483' title='bbox 1739 4171 1844 4244; x_wconf 90' lang='lat' dir='ltr'>debet</span> <span class='ocrx_word' id='word_1_484' title='bbox 1869 4194 1944 4244; x_wconf 87' lang='lat' dir='ltr'>esse</span> <span class='ocrx_word' id='word_1_485' title='bbox 1973 4197 2135 4271; x_wconf 78' lang='lat' dir='ltr'>compar-</span> 
     </span>
     <span class='ocr_line' id='line_1_40' title="bbox 114 4261 2132 4372; baseline 0.004 -30"><span class='ocrx_word' id='word_1_486' title='bbox 114 4279 270 4350; x_wconf 77' lang='lat' dir='ltr'>voluntas</span> <span class='ocrx_word' id='word_1_487' title='bbox 283 4291 403 4350; x_wconf 89' lang='lat' dir='ltr'>sanata</span> <span class='ocrx_word' id='word_1_488' title='bbox 424 4271 740 4372; x_wconf 87' lang='lat' dir='ltr'>(quemadmodum</span> <span class='ocrx_word' id='word_1_489' title='bbox 755 4274 859 4344; x_wconf 89' lang='lat' dir='ltr'>divus</span> <span class='ocrx_word' id='word_1_490' title='bbox 875 4269 1109 4366; x_wconf 80' lang='lat' dir='ltr'>Augustinus,</span> <span class='ocrx_word' id='word_1_491' title='bbox 1147 4285 1242 4356; x_wconf 91' lang='lat' dir='ltr'>tum,</span> <span class='ocrx_word' id='word_1_492' title='bbox 1267 4293 1342 4340; x_wconf 92' lang='lat' dir='ltr'>non</span> <span class='ocrx_word' id='word_1_493' title='bbox 1365 4268 1403 4338; x_wconf 89' lang='lat' dir='ltr'>in</span> <span class='ocrx_word' id='word_1_494' title='bbox 1430 4261 1497 4338; x_wconf 93' lang='lat' dir='ltr'>hoc</span> <span class='ocrx_word' id='word_1_495' title='bbox 1511 4271 1629 4344; x_wconf 90' lang='lat' dir='ltr'>datam</span> <span class='ocrx_word' id='word_1_496' title='bbox 1646 4291 1720 4342; x_wconf 87' lang='lat' dir='ltr'>esse</span> <span class='ocrx_word' id='word_1_497' title='bbox 1736 4273 1841 4346; x_wconf 89' lang='lat' dir='ltr'>nobis</span> <span class='ocrx_word' id='word_1_498' title='bbox 1858 4267 1951 4346; x_wconf 91' lang='lat' dir='ltr'>hanc</span> <span class='ocrx_word' id='word_1_499' title='bbox 1970 4283 2132 4368; x_wconf 86' lang='lat' dir='ltr'>gratiam,</span> 
     </span>
     <span class='ocr_line' id='line_1_41' title="bbox 115 4367 2134 4476; baseline -0.001 -28"><span class='ocrx_word' id='word_1_500' title='bbox 115 4379 175 4472; x_wconf 74' lang='lat' dir='ltr'>sit)</span> <span class='ocrx_word' id='word_1_501' title='bbox 198 4380 347 4476; x_wconf 89' lang='lat' dir='ltr'>incipiat</span> <span class='ocrx_word' id='word_1_502' title='bbox 368 4377 664 4470; x_wconf 66' lang='lat' dir='ltr'>impiere&#39;iegem.</span> <span class='ocrx_word' id='word_1_503' title='bbox 716 4373 822 4452; x_wconf 79' lang='lat' dir='ltr'>Fides</span> <span class='ocrx_word' id='word_1_504' title='bbox 844 4398 927 4466; x_wconf 89' lang='lat' dir='ltr'>ergo</span> <span class='ocrx_word' id='word_1_505' title='bbox 954 4376 1034 4447; x_wconf 89' lang='lat' dir='ltr'>viva</span> <span class='ocrx_word' id='word_1_506' title='bbox 1055 4397 1097 4460; x_wconf 87' lang='lat' dir='ltr'>ea</span> <span class='ocrx_word' id='word_1_507' title='bbox 1148 4385 1183 4446; x_wconf 88' lang='lat' dir='ltr'>et</span> <span class='ocrx_word' id='word_1_508' title='bbox 1200 4367 1294 4444; x_wconf 86' lang='lat' dir='ltr'>hanc</span> <span class='ocrx_word' id='word_1_509' title='bbox 1317 4371 1640 4462; x_wconf 76' lang='lat' dir='ltr'>regenerationem,</span> <span class='ocrx_word' id='word_1_510' title='bbox 1672 4385 1714 4444; x_wconf 90' lang='lat' dir='ltr'>ut</span> <span class='ocrx_word' id='word_1_511' title='bbox 1734 4373 1773 4444; x_wconf 91' lang='lat' dir='ltr'>in</span> <span class='ocrx_word' id='word_1_512' title='bbox 1796 4399 1839 4448; x_wconf 88' lang='lat' dir='ltr'>eo</span> <span class='ocrx_word' id='word_1_513' title='bbox 1854 4377 1967 4466; x_wconf 89' lang='lat' dir='ltr'>gradu</span> <span class='ocrx_word' id='word_1_514' title='bbox 1981 4378 2134 4452; x_wconf 79' lang='lat' dir='ltr'>innova.</span> 
     </span>
     <span class='ocr_line' id='line_1_42' title="bbox 116 4472 2134 4580; baseline 0.002 -30"><span class='ocrx_word' id='word_1_515' title='bbox 116 4499 172 4563; x_wconf 85' lang='lat' dir='ltr'>est,</span> <span class='ocrx_word' id='word_1_516' title='bbox 197 4507 286 4580; x_wconf 88' lang='lat' dir='ltr'>quae</span> <span class='ocrx_word' id='word_1_517' title='bbox 300 4496 335 4554; x_wconf 90' lang='lat' dir='ltr'>et</span> <span class='ocrx_word' id='word_1_518' title='bbox 348 4473 583 4574; x_wconf 87' lang='lat' dir='ltr'>apprehendit</span> <span class='ocrx_word' id='word_1_519' title='bbox 597 4478 874 4548; x_wconf 86' lang='lat' dir='ltr'>misericordiam</span> <span class='ocrx_word' id='word_1_520' title='bbox 890 4479 929 4546; x_wconf 90' lang='lat' dir='ltr'>iu</span> <span class='ocrx_word' id='word_1_521' title='bbox 942 4473 1097 4560; x_wconf 87' lang='lat' dir='ltr'>Christo,</span> <span class='ocrx_word' id='word_1_522' title='bbox 1148 4475 1257 4549; x_wconf 90' lang='lat' dir='ltr'>tionis</span> <span class='ocrx_word' id='word_1_523' title='bbox 1280 4487 1438 4560; x_wconf 86' lang='lat' dir='ltr'>nostrae,</span> <span class='ocrx_word' id='word_1_524' title='bbox 1472 4497 1577 4568; x_wconf 89' lang='lat' dir='ltr'>qoem</span> <span class='ocrx_word' id='word_1_525' title='bbox 1600 4472 1755 4566; x_wconf 86' lang='lat' dir='ltr'>primum</span> <span class='ocrx_word' id='word_1_526' title='bbox 1775 4477 1873 4550; x_wconf 71' lang='lat' dir='ltr'>&#39;nacti</span> <span class='ocrx_word' id='word_1_527' title='bbox 1890 4501 2012 4550; x_wconf 84' lang='lat' dir='ltr'>mmus</span> <span class='ocrx_word' id='word_1_528' title='bbox 2023 4481 2134 4554; x_wconf 87' lang='lat' dir='ltr'>ociosi</span> 
     </span>
     <span class='ocr_line' id='line_1_43' title="bbox 118 4571 2136 4678; baseline -0.001 -23"><span class='ocrx_word' id='word_1_529' title='bbox 118 4608 152 4655; x_wconf 86' lang='lat' dir='ltr'>sc</span> <span class='ocrx_word' id='word_1_530' title='bbox 168 4587 276 4659; x_wconf 84' lang='lat' dir='ltr'>credit</span> <span class='ocrx_word' id='word_1_531' title='bbox 293 4584 468 4656; x_wconf 83' lang='lat' dir='ltr'>iusticiam</span> <span class='ocrx_word' id='word_1_532' title='bbox 484 4605 573 4678; x_wconf 90' lang='lat' dir='ltr'>quae</span> <span class='ocrx_word' id='word_1_533' title='bbox 590 4595 640 4651; x_wconf 85' lang='lat' dir='ltr'>est</span> <span class='ocrx_word' id='word_1_534' title='bbox 656 4579 694 4650; x_wconf 92' lang='lat' dir='ltr'>in</span> <span class='ocrx_word' id='word_1_535' title='bbox 709 4575 853 4650; x_wconf 87' lang='lat' dir='ltr'>Christo</span> <span class='ocrx_word' id='word_1_536' title='bbox 870 4579 974 4648; x_wconf 93' lang='lat' dir='ltr'>nobis</span> <span class='ocrx_word' id='word_1_537' title='bbox 990 4579 1098 4672; x_wconf 85' lang='lat' dir='ltr'>gratis</span> <span class='ocrx_word' id='word_1_538' title='bbox 1148 4576 1392 4648; x_wconf 83' lang='lat' dir='ltr'>consistamus.</span> <span class='ocrx_word' id='word_1_539' title='bbox 1442 4571 1513 4646; x_wconf 86' lang='lat' dir='ltr'>Sed</span> <span class='ocrx_word' id='word_1_540' title='bbox 1529 4597 1724 4648; x_wconf 85' lang='lat' dir='ltr'>crescamus</span> <span class='ocrx_word' id='word_1_541' title='bbox 1738 4577 1777 4648; x_wconf 91' lang='lat' dir='ltr'>in</span> <span class='ocrx_word' id='word_1_542' title='bbox 1793 4577 1908 4672; x_wconf 90' lang='lat' dir='ltr'>ipsum</span> <span class='ocrx_word' id='word_1_543' title='bbox 1924 4603 1988 4672; x_wconf 87' lang='lat' dir='ltr'>per</span> <span class='ocrx_word' id='word_1_544' title='bbox 2001 4583 2136 4672; x_wconf 86' lang='lat' dir='ltr'>omnia,</span> 
     </span>
    </p>
   </div>
   <div class='ocr_carea' id='block_1_3' title="bbox 116 4669 2328 4782">
    <p class='ocr_par' dir='ltr' id='par_1_3' title="bbox 116 4669 2328 4782">
     <span class='ocr_line' id='line_1_44' title="bbox 116 4669 2328 4782; baseline 0 -28"><span class='ocrx_word' id='word_1_545' title='bbox 116 4687 297 4782; x_wconf 87' lang='lat' dir='ltr'>imputari,</span> <span class='ocrx_word' id='word_1_546' title='bbox 329 4700 366 4758; x_wconf 91' lang='lat' dir='ltr'>et</span> <span class='ocrx_word' id='word_1_547' title='bbox 390 4707 481 4779; x_wconf 88' lang='lat' dir='ltr'>quae</span> <span class='ocrx_word' id='word_1_548' title='bbox 506 4683 614 4754; x_wconf 91' lang='lat' dir='ltr'>simul</span> <span class='ocrx_word' id='word_1_549' title='bbox 639 4681 932 4776; x_wconf 87' lang='lat' dir='ltr'>pollicitationem</span> <span class='ocrx_word' id='word_1_550' title='bbox 953 4678 1103 4774; x_wconf 83' lang='lat' dir='ltr'>spiritus</span> <span class='ocrx_word' id='word_1_551' title='bbox 1150 4677 1211 4776; x_wconf 88' lang='lat' dir='ltr'>qui</span> <span class='ocrx_word' id='word_1_552' title='bbox 1226 4689 1278 4750; x_wconf 91' lang='lat' dir='ltr'>est</span> <span class='ocrx_word' id='word_1_553' title='bbox 1293 4689 1396 4770; x_wconf 89' lang='lat' dir='ltr'>caput</span> <span class='ocrx_word' id='word_1_554' title='bbox 1411 4669 1587 4750; x_wconf 78' lang='lat' dir='ltr'>Christus.</span> <span class='ocrx_word' id='word_1_555' title='bbox 1637 4677 1793 4774; x_wconf 89' lang='lat' dir='ltr'>ideoque</span> <span class='ocrx_word' id='word_1_556' title='bbox 1808 4681 1989 4752; x_wconf 88' lang='lat' dir='ltr'>doeendus</span> <span class='ocrx_word' id='word_1_557' title='bbox 2004 4697 2136 4780; x_wconf 83' lang='lat' dir='ltr'>estpo-</span> <span class='ocrx_word' id='word_1_558' title='bbox 2181 4763 2185 4768; x_wconf 55' lang='grc'><strong>,</strong></span> <span class='ocrx_word' id='word_1_559' title='bbox 2327 4709 2328 4712; x_wconf 64' lang='grc'>’</span> 
     </span>
    </p>
   </div>
   <div class='ocr_carea' id='block_1_4' title="bbox 113 4773 2149 5290">
    <p class='ocr_par' dir='ltr' id='par_1_4' title="bbox 113 4773 2149 5290">
     <span class='ocr_line' id='line_1_45' title="bbox 116 4773 2149 4884; baseline -0.004 -26"><span class='ocrx_word' id='word_1_560' title='bbox 116 4791 222 4862; x_wconf 86' lang='lat' dir='ltr'>saneti</span> <span class='ocrx_word' id='word_1_561' title='bbox 236 4805 268 4863; x_wconf 91' lang='lat' dir='ltr'>et</span> <span class='ocrx_word' id='word_1_562' title='bbox 285 4789 466 4860; x_wconf 85' lang='lat' dir='ltr'>caritatem</span> <span class='ocrx_word' id='word_1_563' title='bbox 482 4783 619 4878; x_wconf 87' lang='lat' dir='ltr'>accipit.</span> <span class='ocrx_word' id='word_1_564' title='bbox 670 4779 722 4857; x_wconf 83' lang='lat' dir='ltr'>ite</span> <span class='ocrx_word' id='word_1_565' title='bbox 737 4785 835 4880; x_wconf 90' lang='lat' dir='ltr'>quod</span> <span class='ocrx_word' id='word_1_566' title='bbox 851 4783 937 4856; x_wconf 87' lang='lat' dir='ltr'>fides</span> <span class='ocrx_word' id='word_1_567' title='bbox 954 4782 1098 4877; x_wconf 89' lang='lat' dir='ltr'>quidem</span> <span class='ocrx_word' id='word_1_568' title='bbox 1149 4773 1272 4876; x_wconf 87' lang='lat' dir='ltr'>polus,</span> <span class='ocrx_word' id='word_1_569' title='bbox 1298 4792 1340 4852; x_wconf 91' lang='lat' dir='ltr'>ut</span> <span class='ocrx_word' id='word_1_570' title='bbox 1359 4779 1419 4850; x_wconf 88' lang='lat' dir='ltr'>det</span> <span class='ocrx_word' id='word_1_571' title='bbox 1441 4801 1584 4872; x_wconf 89' lang='lat' dir='ltr'>operam</span> <span class='ocrx_word' id='word_1_572' title='bbox 1606 4773 1691 4852; x_wconf 86' lang='lat' dir='ltr'>huie</span> <span class='ocrx_word' id='word_1_573' title='bbox 1706 4793 1913 4872; x_wconf 87' lang='lat' dir='ltr'>augmento,</span> <span class='ocrx_word' id='word_1_574' title='bbox 1942 4787 2039 4878; x_wconf 87' lang='lat' dir='ltr'>quod</span> <span class='ocrx_word' id='word_1_575' title='bbox 2055 4790 2149 4884; x_wconf 47' lang='lat' dir='ltr'>qui,</span> 
     </span>
     <span class='ocr_line' id='line_1_46' title="bbox 117 4882 2136 4982; baseline 0.001 -22"><span class='ocrx_word' id='word_1_576' title='bbox 117 4891 321 4973; x_wconf 79' lang='lat' dir='ltr'>institimus,</span> <span class='ocrx_word' id='word_1_577' title='bbox 349 4901 402 4961; x_wconf 88' lang='lat' dir='ltr'>est</span> <span class='ocrx_word' id='word_1_578' title='bbox 416 4889 477 4959; x_wconf 90' lang='lat' dir='ltr'>ilia</span> <span class='ocrx_word' id='word_1_579' title='bbox 493 4885 590 4972; x_wconf 88' lang='lat' dir='ltr'>fides,</span> <span class='ocrx_word' id='word_1_580' title='bbox 615 4909 705 4982; x_wconf 89' lang='lat' dir='ltr'>quae</span> <span class='ocrx_word' id='word_1_581' title='bbox 723 4901 775 4958; x_wconf 90' lang='lat' dir='ltr'>est</span> <span class='ocrx_word' id='word_1_582' title='bbox 793 4886 912 4958; x_wconf 81' lang='lat' dir='ltr'>eliiear</span> <span class='ocrx_word' id='word_1_583' title='bbox 928 4909 992 4978; x_wconf 91' lang='lat' dir='ltr'>per</span> <span class='ocrx_word' id='word_1_584' title='bbox 1009 4883 1099 4954; x_wconf 88' lang='lat' dir='ltr'>cari·</span> <span class='ocrx_word' id='word_1_585' title='bbox 1151 4885 1232 4954; x_wconf 90' lang='lat' dir='ltr'>dem</span> <span class='ocrx_word' id='word_1_586' title='bbox 1244 4882 1284 4954; x_wconf 89' lang='lat' dir='ltr'>iit</span> <span class='ocrx_word' id='word_1_587' title='bbox 1296 4905 1360 4976; x_wconf 91' lang='lat' dir='ltr'>per</span> <span class='ocrx_word' id='word_1_588' title='bbox 1373 4883 1468 4954; x_wconf 88' lang='lat' dir='ltr'>bona</span> <span class='ocrx_word' id='word_1_589' title='bbox 1483 4907 1601 4976; x_wconf 87' lang='lat' dir='ltr'>opera,</span> <span class='ocrx_word' id='word_1_590' title='bbox 1625 4897 1659 4956; x_wconf 91' lang='lat' dir='ltr'>et</span> <span class='ocrx_word' id='word_1_591' title='bbox 1674 4883 1813 4964; x_wconf 88' lang='lat' dir='ltr'>interna</span> <span class='ocrx_word' id='word_1_592' title='bbox 1829 4895 1863 4954; x_wconf 89' lang='lat' dir='ltr'>et</span> <span class='ocrx_word' id='word_1_593' title='bbox 1876 4897 2018 4958; x_wconf 84' lang='lat' dir='ltr'>externa</span> <span class='ocrx_word' id='word_1_594' title='bbox 2032 4913 2053 4960; x_wconf 91' lang='lat' dir='ltr'>a</span> <span class='ocrx_word' id='word_1_595' title='bbox 2069 4893 2136 4966; x_wconf 88' lang='lat' dir='ltr'>deo</span> 
     </span>
     <span class='ocr_line' id='line_1_47' title="bbox 116 4981 2139 5092; baseline 0.001 -29"><span class='ocrx_word' id='word_1_596' title='bbox 116 5009 228 5066; x_wconf 86' lang='lat' dir='ltr'>tatem.</span> <span class='ocrx_word' id='word_1_597' title='bbox 266 4993 338 5067; x_wconf 90' lang='lat' dir='ltr'>Sed</span> <span class='ocrx_word' id='word_1_598' title='bbox 354 4991 498 5062; x_wconf 89' lang='lat' dir='ltr'>interim</span> <span class='ocrx_word' id='word_1_599' title='bbox 514 4981 582 5058; x_wconf 87' lang='lat' dir='ltr'>hoc</span> <span class='ocrx_word' id='word_1_600' title='bbox 597 5012 719 5058; x_wconf 86' lang='lat' dir='ltr'>vemm</span> <span class='ocrx_word' id='word_1_601' title='bbox 738 5002 807 5070; x_wconf 87' lang='lat' dir='ltr'>est,</span> <span class='ocrx_word' id='word_1_602' title='bbox 834 4989 929 5084; x_wconf 91' lang='lat' dir='ltr'>quod</span> <span class='ocrx_word' id='word_1_603' title='bbox 949 4981 1116 5058; x_wconf 65' lang='lat' dir='ltr'>hac-tide⁴</span> <span class='ocrx_word' id='word_1_604' title='bbox 1152 4985 1317 5056; x_wconf 85' lang='lat' dir='ltr'>mandata</span> <span class='ocrx_word' id='word_1_605' title='bbox 1341 4992 1376 5054; x_wconf 89' lang='lat' dir='ltr'>et</span> <span class='ocrx_word' id='word_1_606' title='bbox 1399 4987 1663 5092; x_wconf 71' lang='lat' dir='ltr'>commendata,</span> <span class='ocrx_word' id='word_1_607' title='bbox 1698 4983 1828 5078; x_wconf 89' lang='lat' dir='ltr'>quibus</span> <span class='ocrx_word' id='word_1_608' title='bbox 1854 4985 1943 5058; x_wconf 88' lang='lat' dir='ltr'>deus</span> <span class='ocrx_word' id='word_1_609' title='bbox 1973 4995 2139 5081; x_wconf 89' lang='lat' dir='ltr'>promisit</span> 
     </span>
     <span class='ocr_line' id='line_1_48' title="bbox 114 5081 2137 5182; baseline -0.001 -14"><span class='ocrx_word' id='word_1_610' title='bbox 114 5113 252 5170; x_wconf 87' lang='lat' dir='ltr'>eatenus</span> <span class='ocrx_word' id='word_1_611' title='bbox 267 5093 516 5176; x_wconf 83' lang='lat' dir='ltr'>iustifica&#39;mur,</span> <span class='ocrx_word' id='word_1_612' title='bbox 542 5091 578 5161; x_wconf 90' lang='lat' dir='ltr'>id</span> <span class='ocrx_word' id='word_1_613' title='bbox 598 5103 667 5176; x_wconf 90' lang='lat' dir='ltr'>est,</span> <span class='ocrx_word' id='word_1_614' title='bbox 690 5081 911 5182; x_wconf 84' lang='lat' dir='ltr'>acceptamur</span> <span class='ocrx_word' id='word_1_615' title='bbox 925 5103 959 5159; x_wconf 91' lang='lat' dir='ltr'>et</span> <span class='ocrx_word' id='word_1_616' title='bbox 975 5109 1102 5174; x_wconf 83' lang='lat' dir='ltr'>recon—</span> <span class='ocrx_word' id='word_1_617' title='bbox 1153 5101 1297 5182; x_wconf 87' lang='lat' dir='ltr'>propter</span> <span class='ocrx_word' id='word_1_618' title='bbox 1311 5082 1495 5158; x_wconf 86' lang='lat' dir='ltr'>Christum</span> <span class='ocrx_word' id='word_1_619' title='bbox 1514 5087 1552 5158; x_wconf 84' lang='lat' dir='ltr'>in</span> <span class='ocrx_word' id='word_1_620' title='bbox 1569 5085 1733 5178; x_wconf 87' lang='lat' dir='ltr'>pluribus</span> <span class='ocrx_word' id='word_1_621' title='bbox 1747 5085 1834 5158; x_wconf 88' lang='lat' dir='ltr'>iocis</span> <span class='ocrx_word' id='word_1_622' title='bbox 1851 5091 2025 5182; x_wconf 88' lang='lat' dir='ltr'>evangeiii</span> <span class='ocrx_word' id='word_1_623' title='bbox 2045 5095 2137 5166; x_wconf 87' lang='lat' dir='ltr'>clare</span> 
     </span>
     <span class='ocr_line' id='line_1_49' title="bbox 113 5186 2139 5290; baseline -0.003 -20"><span class='ocrx_word' id='word_1_624' title='bbox 113 5200 272 5274; x_wconf 89' lang='lat' dir='ltr'>ciliamur</span> <span class='ocrx_word' id='word_1_625' title='bbox 305 5201 392 5284; x_wconf 84' lang='lat' dir='ltr'>deo,</span> <span class='ocrx_word' id='word_1_626' title='bbox 425 5208 598 5290; x_wconf 88' lang='lat' dir='ltr'>quatenus</span> <span class='ocrx_word' id='word_1_627' title='bbox 634 5186 880 5286; x_wconf 65' lang='lat' dir='ltr'>apprehendit=</span> <span class='ocrx_word' id='word_1_628' title='bbox 900 5190 1102 5262; x_wconf 87' lang='lat' dir='ltr'>misericor·</span> <span class='ocrx_word' id='word_1_629' title='bbox 1153 5203 1188 5261; x_wconf 87' lang='lat' dir='ltr'>et</span> <span class='ocrx_word' id='word_1_630' title='bbox 1203 5188 1386 5260; x_wconf 77' lang='lat' dir='ltr'>manifeste</span> <span class='ocrx_word' id='word_1_631' title='bbox 1403 5191 1620 5272; x_wconf 85' lang='lat' dir='ltr'>mercedem,</span> <span class='ocrx_word' id='word_1_632' title='bbox 1645 5187 1740 5258; x_wconf 80' lang='lat' dir='ltr'>bona</span> <span class='ocrx_word' id='word_1_633' title='bbox 1754 5201 1826 5258; x_wconf 87' lang='lat' dir='ltr'>tam</span> <span class='ocrx_word' id='word_1_634' title='bbox 1841 5195 2011 5286; x_wconf 89' lang='lat' dir='ltr'>eorporis,</span> <span class='ocrx_word' id='word_1_635' title='bbox 2031 5219 2139 5288; x_wconf 91' lang='lat' dir='ltr'>quam</span> 
     </span>
    </p>
   </div>
   <div class='ocr_carea' id='block_1_5' title="bbox 115 5283 2320 5392">
    <p class='ocr_par' dir='ltr' id='par_1_5' title="bbox 115 5283 2320 5392">
     <span class='ocr_line' id='line_1_50' title="bbox 115 5283 2320 5392; baseline -0.004 -18"><span class='ocrx_word' id='word_1_636' title='bbox 115 5305 206 5374; x_wconf 91' lang='lat' dir='ltr'>diam</span> <span class='ocrx_word' id='word_1_637' title='bbox 231 5319 266 5378; x_wconf 88' lang='lat' dir='ltr'>et</span> <span class='ocrx_word' id='word_1_638' title='bbox 287 5298 485 5384; x_wconf 87' lang='lat' dir='ltr'>iusticiam,</span> <span class='ocrx_word' id='word_1_639' title='bbox 510 5319 601 5392; x_wconf 89' lang='lat' dir='ltr'>quae</span> <span class='ocrx_word' id='word_1_640' title='bbox 623 5294 729 5364; x_wconf 87' lang='lat' dir='ltr'>nobis</span> <span class='ocrx_word' id='word_1_641' title='bbox 746 5295 942 5385; x_wconf 89' lang='lat' dir='ltr'>imputatur</span> <span class='ocrx_word' id='word_1_642' title='bbox 957 5305 1103 5386; x_wconf 91' lang='lat' dir='ltr'>propter</span> <span class='ocrx_word' id='word_1_643' title='bbox 1154 5291 1300 5383; x_wconf 88' lang='lat' dir='ltr'>spiritus</span> <span class='ocrx_word' id='word_1_644' title='bbox 1318 5290 1357 5360; x_wconf 92' lang='lat' dir='ltr'>in</span> <span class='ocrx_word' id='word_1_645' title='bbox 1384 5283 1449 5368; x_wconf 85' lang='lat' dir='ltr'>hae</span> <span class='ocrx_word' id='word_1_646' title='bbox 1475 5290 1565 5374; x_wconf 87' lang='lat' dir='ltr'>vita,</span> <span class='ocrx_word' id='word_1_647' title='bbox 1604 5302 1709 5380; x_wconf 85' lang='lat' dir='ltr'>prout</span> <span class='ocrx_word' id='word_1_648' title='bbox 1727 5290 1872 5362; x_wconf 87' lang='lat' dir='ltr'>divinae</span> <span class='ocrx_word' id='word_1_649' title='bbox 1896 5293 2167 5385; x_wconf 84' lang='lat' dir='ltr'>providentiae</span> <span class='ocrx_word' id='word_1_650' title='bbox 2317 5325 2320 5334; x_wconf 56' lang='lat'><strong>⁴</strong></span> 
     </span>
    </p>
   </div>
   <div class='ocr_carea' id='block_1_6' title="bbox 115 5385 2144 5580">
    <p class='ocr_par' dir='ltr' id='par_1_6' title="bbox 115 5385 2144 5590">
     <span class='ocr_line' id='line_1_51' title="bbox 115 5385 2144 5494; baseline -0.004 -16"><span class='ocrx_word' id='word_1_651' title='bbox 115 5401 306 5490; x_wconf 87' lang='lat' dir='ltr'>Christum,</span> <span class='ocrx_word' id='word_1_652' title='bbox 333 5424 408 5472; x_wconf 91' lang='lat' dir='ltr'>non</span> <span class='ocrx_word' id='word_1_653' title='bbox 425 5413 541 5472; x_wconf 84' lang='lat' dir='ltr'>autem</span> <span class='ocrx_word' id='word_1_654' title='bbox 560 5409 705 5494; x_wconf 89' lang='lat' dir='ltr'>propter</span> <span class='ocrx_word' id='word_1_655' title='bbox 721 5395 929 5487; x_wconf 88' lang='lat' dir='ltr'>dignitatem</span> <span class='ocrx_word' id='word_1_656' title='bbox 946 5419 1007 5468; x_wconf 90' lang='lat' dir='ltr'>seu</span> <span class='ocrx_word' id='word_1_657' title='bbox 1022 5417 1104 5488; x_wconf 89' lang='lat' dir='ltr'>per·</span> <span class='ocrx_word' id='word_1_658' title='bbox 1154 5396 1273 5466; x_wconf 85' lang='lat' dir='ltr'>virum</span> <span class='ocrx_word' id='word_1_659' title='bbox 1289 5392 1414 5477; x_wconf 86' lang='lat' dir='ltr'>suerit,</span> <span class='ocrx_word' id='word_1_660' title='bbox 1441 5404 1567 5480; x_wconf 85' lang='lat' dir='ltr'>etpost</span> <span class='ocrx_word' id='word_1_661' title='bbox 1583 5385 1675 5462; x_wconf 89' lang='lat' dir='ltr'>hanc</span> <span class='ocrx_word' id='word_1_662' title='bbox 1691 5391 1800 5464; x_wconf 84' lang='lat' dir='ltr'>vitam</span> <span class='ocrx_word' id='word_1_663' title='bbox 1815 5393 1854 5464; x_wconf 92' lang='lat' dir='ltr'>in</span> <span class='ocrx_word' id='word_1_664' title='bbox 1868 5393 1985 5472; x_wconf 85' lang='lat' dir='ltr'>coelis.</span> <span class='ocrx_word' id='word_1_665' title='bbox 2039 5395 2144 5470; x_wconf 88' lang='lat' dir='ltr'>ideo-</span> 
     </span>
     <span class='ocr_line' id='line_1_52' title="bbox 163 5491 1518 5580; baseline -0.015 -2"><span class='ocrx_word' id='word_1_666' title='bbox 163 5511 344 5580; x_wconf 78' lang='lat' dir='ltr'>iirnam.</span> <span class='ocrx_word' id='word_1_667' title='bbox 362 5507 465 5576; x_wconf 67' lang='lat' dir='ltr'>Orsa,</span> <span class='ocrx_word' id='word_1_668' title='bbox 493 5503 576 5570; x_wconf 80' lang='lat' dir='ltr'>Vos.</span> <span class='ocrx_word' id='word_1_669' title='bbox 592 5501 640 5572; x_wconf 84' lang='lat' dir='ltr'>X.</span> <span class='ocrx_word' id='word_1_670' title='bbox 791 5525 794 5540; x_wconf 91' lang='grc'>·</span> <span class='ocrx_word' id='word_1_671' title='bbox 1297 5505 1303 5517; x_wconf 88' lang='grc'><strong>”</strong></span> <span class='ocrx_word' id='word_1_672' title='bbox 1491 5491 1518 5566; x_wconf 80' lang='grc'><strong>8</strong></span> 
     </span>
    </p>
   </div>
   <div class='ocr_carea' id='block_1_7' title="bbox 0 0 2465 5986">
    <p class='ocr_par' dir='ltr' id='par_1_7' title="bbox 0 0 2465 5986">
     <span class='ocr_line' id='line_1_53' title="bbox 0 0 2465 5986; baseline 0 0"><span class='ocrx_word' id='word_1_673' title='bbox 0 0 2465 5986; x_wconf 95' lang='lat' dir='ltr'> </span> 
     </span>
    </p>
   </div>
  </div>
 </body>
</html>
