4896 5974
296 127 377 278 bol
706 197 710 200 ’
1024 168 1351 250 C'ARMINUM
1401 166 1509 246 LlB.
1544 166 1616 244 IV.

301 377 373 452 Sed
388 370 535 446 custode
548 363 626 438 Deo
641 380 743 432 casus
756 351 1002 448 superabimus
1016 368 1158 431 omnes„
1219 403 1221 406 .
1348 337 1533 467 Q
2163 374 2217 392 ,,
2248 373 2299 388 ,-

355 477 535 550 Placatum
550 470 663 562 pietas
678 463 709 532 si
725 461 830 530 modo
845 467 966 525 nostra
981 451 1076 522 facit.
1273 467 1276 474 ’
2137 433 2349 463 Μ

303 579 352 656 Et
366 579 498 676 quibus
512 569 638 644 officiis
653 563 764 656 possit
779 558 944 651 flectique
961 553 1114 646 colique,
1160 608 1164 616 .
1454 549 1678 624 aputvtueeut
1694 570 1720 622 p.
1735 551 1771 605 42
1785 569 1827 623 aq.
1933 603 1937 609 ,

308 665 817 860 8ἱὸἐὲεῖχιξὶιὶιίἰῖἒζεὶῖξῗςίεξὲἓ
830 656 1165 856 ibiibbibpitihibs
1545 711 1728 786 1)θᾶῑοΫο
1757 715 1913 784 ¹⁰⁰”m'3
1937 712 2164 802 Bal‘mlflffl

362 886 494 960 Utilior
508 895 627 951 tamen
644 883 695 942 est
711 868 888 962 perlegere
903 863 969 934 ista
985 860 1097 929 labor.
1357 889 1378 922 ‚‚
1388 837 1651 1004 Nonepqtessqgllpi
1668 839 1760 1004 1110Ξο
1776 861 1900 1004 {umere
1916 829 2098 924 ‘tullium’
2123 837 2186 898 ³5⁸5
2199 833 2306 924 dm
2319 837 2354 898 ’ἢ

229 1165 232 1171 ,
316 1088 1309 1146 Μ
1358 1087 1503 1159 Nullius
1520 1101 1572 1158 est
1591 1085 1700 1156 foelix
1718 1097 1866 1156 conatus
1882 1097 1916 1155 et
1932 1083 2033 1155 utilis
2048 1107 2230 1177 unquam,

1411 1188 1612 1261 Consilium
1627 1189 1658 1258 si
1676 1211 1750 1258 non
1766 1189 1895 1280 detque
1910 1187 2078 1280 iuvetque
2091 1183 2199 1258 Deus.

314 1295 381 1368 ΝΟ·
397 1289 484 1362 339·
1093 1294 1306 1390 „22
1363 1293 1467 1365 Tunc
1492 1293 1592 1363 iuvat
1617 1290 1680 1360 ille
1705 1303 1843 1375 autem,
1874 1313 1955 1358 cum
1987 1311 2088 1358 mens
2115 1288 2184 1358 sibi
2219 1291 2354 1359 conscia

322 1387 495 1422 Μ
1066 1463 1069 1473 .
1878 1389 1979 1475 recti,

420 1504 500 1579 ΛΡΜ
519 1501 646 1556 vincent.
665 1515 691 1569 Ρ·
706 1491 759 1548 ¹³³
784 1513 788 1520 ’
1126 1507 1131 1520 ’
1272 1509 1275 1514 ’
1414 1495 1581 1568 Mandati
1593 1493 1701 1565 olfi'cii
1719 1515 1867 1563 munera
1884 1494 1975 1563 iusta
1991 1492 2084 1562 facit.

730 1657 782 1724 Pr
832 1644 848 1718 J
883 1655 945 1718 m
1364 1598 1412 1674 Et
1424 1599 1531 1670 simul
1546 1597 1719 1667 auxilium
1735 1595 1912 1686 praesenti
1926 1618 1945 1664 a
1960 1595 2110 1668 numine
2122 1590 2260 1667 Christi

669 1660 716 1728 ιη
783 1671 831 1742 ⁰¹³
845 1669 880 1720 w
946 1691 956 1712 ⁰
1351 1698 1354 1706 ’
1417 1701 1555 1785 Poscit,
1580 1713 1615 1770 et
1628 1710 1787 1789 expectat
1802 1722 1876 1767 non
1891 1697 2078 1768 dubitante
2092 1699 2173 1771 lide.

323 1819 359 1892 0
375 1820 513 1893 ulissflm
529 1809 660 1882 Vatum
677 1799 866 1898 l’raeconia
879 1796 995 1866 dicere
1011 1811 1162 1881 P⁰⁸⁸²¹¹¹s
1368 1807 1409 1880 si
1425 1803 1592 1897 procedet
1608 1823 1697 1892 opus
1711 1800 2086 1894 faustum'populoque
2101 1800 2250 1894 tibique,

374 1918 549 1995 Accendit
564 1934 718 2008 quorum
734 1917 875 1996 1)θῦῖοΐέὶ
890 1920 978 1988 l'ura
991 1891 1109 1964 Deus:
1420 1905 1529 1978 Navis
1547 1919 1680 1975 staura
1696 1917 1776 1972 tuae
1789 1902 1866 1970 vela
1885 1905 2039 1971 secunda
2056 1897 2174 1982 vehet,
2203 1919 2210 1930 '

322 2024 515 2099 Doctrinae
536 2029 577 2088 ut
594 2017 708 2084 lucem
723 2013 955 2082 renovarent,
980 2010 1085 2088 atque
1101 1995 1270 2082 docerent
1372 2010 1615 2100 pnvictamque
1631 2003 1698 2074 Dei
1713 2006 1871 2074 demam
1888 2004 1941 2072 vis
1957 2005 2057 2074 nulla
2073 2005 2231 2097 repellet,

355 2127 468 2219 ‘Quis
486 2142 625 2194 summo
640 2111 734 2206 patri
749 2107 795 2178 sit
811 2103 1023 2176 tribuendus
1039 2093 1176 2183 honor..
1405 2107 1557 2182 omnia
1574 2120 1747 2197 cogemur
1764 2107 1887 2175 cedere
1906 2130 2017 2197 prona
2032 2103 2121 2176 Deo·

324 2233 374 2304 Hi
393 2226 566 2322 P⁰t³11¹¹¹¹¹¹
584 2219 624 2287 5¹¹
638 2217 745 2286 ”ebus
759 2207 878 2280 ‘lubili’
890 2225 1029 2284 meres
1051 2199 1209 2267 levantes
1373 2215 1453 2310 lpsa
1469 2213 1594 2289 etiam,
1620 2208 1782 2303 quamvis
1799 2209 1980 2278 adamanti
2000 2210 2111 2278 incisa
2123 2209 2301 2294 feruntur,

378 2327 539 2403 (301ssilio
557 2320 670 2413 gemis
685 2315 797 2386 mulla
814 2307 943 2402 Ρεῐὶειέἰ
961 2325 1055 2374 ³⁰³⁰·
1426 2313 1517 2386 Cum
1533 2311 1686 2404 petimus
1702 2315 1833 2380 cedunt
1849 2311 1919 2380 lata
1936 2335 2056 2381 severa
2072 2309 2162 2381 Deo.

329 2436 533 2506 Venturum
549 2421 685 2496 aeterni
700 2430 826 2488 nalum
849 2399 1196 2495 cecinereparentis,
1373 2419 1447 2490 Nec
1460 2415 1557 2486 Deus
1575 2427 1627 2484 est
1643 2436 1776 2488 numen
1792 2411 1986 2484 Parcarum
2003 2437 2143 2484 carcere
2157 2413 2326 2498 clausum,

379 2534 542 2608 Crimina
558 2542 599 2598 ut
614 2524 773 2596 ablueret
788 2527 908 2586 nostra
926 2529 1052 2579 cruore
1068 2528 1145 2574 siro.
1431 2518 1547 2607 Quale
1566 2517 1757 2607 putabam,-
1772 2513 1913 2584 stoicus
1930 2539 2003 2585 esse
2019 2512 2127 2586 Deus,

330 2640 438 2714 Hunc
455 2646 601 2729 ΡῐθΡῑθῐ
616 2623 727 2716 “cipi
743 2621 1058 2693 d⁰⁰¹¹01¹¹¹¹lv⁰l²2
1085 2622 1274 2699 l'leffi‘lue
1378 2620 1456 2714 lpse
1471 2630 1587 2712 potest
1601 2617 1686 2686 solis
1702 2641 1827 2686 currus
1847 2613 2012 2687 inhibere
2029 2619 2200 2702 volantes,

381 2741 461 2812 Hoc
478 2741 566 2808 duce
584 2734 765 2803 iusserunt
777 2719 921 2790 Numen
936 2713 1034 2783 adire
1050 2708 1173 2803 Ρθῑΐῑδ,
1232 2741 1234 2746 ’
1431 2721 1509 2816 lpse
1522 2721 1622 2791 velut
1637 2721 1799 2812 scopulos
1813 2717 1963 2790 flumina
1978 2734 2069 2792 stare
2084 2715 2197 2794 iubet.

331 2845 562 2933 Censuraque
585 2857 648 2906 sua
668 2831 856 2899 frenarunt
879 2839 981 2908 saepe
998 2811 1201 2908 Tyrannus,

384 2943 433 3018 Et
447 2939 573 3039 populi
587 2955 705 3006 mores
722 2925 930 3000 continuere
947 2916 1012 2988 sui.
1083 2929 1086 2934 '

1383 3065 1450 3137 No.
1469 3063 1556 3136 342.
1654 3017 1661 3032 ⁸

337 3143 1334 3204 *w
1392 3159 1563 3189 ...ω

1473 3277 1555 3348 Apud
1574 3273 1705 3330 vincent.
1720 3267 1755 3346 ps
1762 3276 1809 3328 161
1822 3295 1864 3348 sq.

1632 3437 1704 3506 De·
1718 3433 1819 3508 dicto
1846 3439 1981 3506 Εςαίαε
2006 3457 2038 3517 c.
2054 3432 2137 3508 stt:
2174 3505 2179 3513 ,

446 3557 525 3632 Apud
543 3555 670 3607 Vifloess'·
690 3567 718 3620 t·
735 3545 791 3600 Ψ
1213 3637 1217 3644 Ι
1390 3557 1512 3642 „Dabit
1531 3559 1618 3618 robis
1639 3553 1791 3620 Dominus
1813 3579 1921 3640 penem
1946 3570 2061 3618 arctum
2082 3571 2111 3618 et
2136 3577 2249 3641 equam
2270 3573 2297 3619 et
2318 3579 2368 3618 nou

341 3349 408 3420 No.
435 3341 522 3415 540.
1151 3341 1203 3367 '-
1232 3347 1285 3363 ··

354 3441 525 3472 w
1118 3409 1330 3444 Μ

710 3714 758 3780 1„
781 3704 959 3778 pgalmg,
1492 3665 1569 3722 siuet
1589 3663 1708 3722 avolare
1724 3657 1918 3723 Ductorem.”

1394 3806 1610 3900 Quanquam
1626 3809 1730 3878 urbes
1747 3822 1782 3878 et
1799 3831 1905 3900 regna
1922 3821 2051 3894 ruunt,
2073 3823 2112 3880 et
2127 3809 2229 3880 nulla
2249 3812 2373 3880 videtur

1443 3907 1637 3979 Doctrinae
1651 3913 1750 3980 sedes
1767 3911 1869 3980 firma
1882 3911 2001 3980 sutura
2018 3911 2113 4002 piae:

1395 4013 1477 4084 Non
1495 4025 1614 4081 tamen
1633 4007 1697 4080 bas
1712 4013 1805 4084 inter
1818 4011 1983 4083 Christus
1998 4013 2144 4104 periisse
2161 4014 2287 4084 minas

1446 4109 1599 4204 Agmina
1616 4139 1706 4207 quae
1721 4116 1864 4185 discunt
1879 4115 2042 4204 dogmata
2059 4139 2143 4184 vera
2160 4118 2272 4189 sinet:

1397 4217 1467 4290 Sed
1484 4215 1584 4286 dabit
1599 4211 1794 4308 hospitium
1809 4217 1931 4301 nobis,
1957 4219 2125 4310 donoque
2147 4222 2306 4290 modeste

1404 4383 1406 4388 .
1447 4315 1528 4387 Hoc
1541 4317 1635 4403 inter·
1650 4319 1753 4389 iussit
1767 4331 1864 4390 tanta
1880 4320 2009 4411 pericla
2024 4321 2108 4393 frui.

1327 4419 1332 4427 ’
1399 4421 1460 4494 Sic
1477 4419 1587 4510 patris
1602 4419 1737 4491 aeterni
1755 4421 1881 4492 dicunt
1896 4421 2099 4492 dulcissima
2117 4425 2239 4506 verbo,

1451 4520 1525 4594 Nos
1538 4546 1661 4592 omnes
1676 4547 1814 4615 semper
1829 4548 1919 4617 quae
1935 4523 2138 4594 meminisse
2156 4527 2269 4596 decet.

1401 4623 1592 4696 Doctorem
1608 4649 1731 4694 verum
1755 4649 1934 4720 panesque
1949 4627 2134 4723 undasque
2149 4627 2317 4709 salubres,
2429 4637 2430 4648 ¹

1455 4723 1609 4798 Munera
1623 4729 1684 4797 sed
1701 4729 1803 4798 vobis
1818 4753 1898 4798 cum
1913 4753 2016 4798 cruce
2037 4742 2135 4802 tanta
2151 4731 2260 4801 dabo.

1403 4828 1487 4900 Non
1509 4843 1629 4903 tamen
1651 4853 1841 4930 aerumnae
1856 4843 1992 4900 vestrae
2007 4830 2084 4899 sine
2102 4821 2174 4902 line
2190 4830 2381 4902 manebunt,
2429 4833 2430 4898 ἶ

1457 4928 1545 5002 Mox
1559 4933 1673 5002 aderit
1687 4932 1823 5004 cunctis
1838 4947 1928 5001 meta
1946 4947 2076 5006 statuta
2092 4935 2209 5016 malis,
2429 4931 2430 4942 ’

1408 5031 1556 5106 Aeterni
1571 5049 1716 5124 gnatum
1731 5035 1919 5126 patris-tua
1934 5035 2073 5130 lumina
2088 5052 2247 5122 cernent,

1459 5133 1590 5207 Laetus
1606 5137 1740 5207 aeterni
1754 5137 1833 5208 luce
1847 5137 1967 5228 ¹fruere
1983 5134 2063 5212 Dei.

1411 5237 1508 5310 llaec
1525 5261 1604 5330 spes
1617 5239 1768 5312 discenti
1782 5239 1916 5311 tribuat
1932 5239 2057 5311 solatia
2074 5254 2186 5310 certa:

1465 5337 1568 5413 lrcita
1585 5365 1659 5414 non
1674 5342 1758 5422 lieut
1772 5353 1854 5412 vota
1870 5342 2043 5436 laborque
2059 5341 2122 5436 pii.

347 3877 438 3948 Sara
455 3871 575 3939 ferunt
591 3859 717 3934 Vatem
738 3854 883 3926 traxisse
899 3843 1104 3940 Amphiona
1122 3859 1240 3930 cantu,

402 3971 449 4046 Ut
464 3978 615 4042 strueret
630 3959 767 4032 Thebis
782 3954 922 4027 moenia
940 3951 1055 4044 prima
1072 3947 1156 4018 suis.

348 4076 470 4149 Maius
485 4093 574 4164 opus
589 4065 666 4136 lieri
680 4060 830 4134 Davidis
846 4056 1002 4128 carmine
1017 4063 1166 4135 constat,

402 4176 476 4265 Qui
491 4167 601 4244 trahit
616 4169 661 4238 ad
683 4186 860 4236 summum
878 4170 1016 4250 pectora
1033 4168 1151 4224 nostra
1168 4148 1293 4221 Deum.

351 4280 457 4353 Nunc
472 4270 660 4345 servatoris
676 4277 798 4336 narrat
813 4257 999 4354 praeconia
1016 4252 1163 4340 Christi,
1182 4321 1186 4324 .

404 4381 523 4471 Quem
538 4374 636 4445 canit
651 4383 794 4440 aeterno
809 4369 853 4434 de
867 4361 1028 4452 genitore
1042 4371 1168 4429 satum.
1217 4456 1225 4474 .

353 4485 460 4560 Nunc
475 4494 555 4572 apte
573 4473 742 4568 gemitus,
766 4481 801 4538 et
815 4467 922 4535 verba
939 4461 1118 4555 precantia
1134 4459 1254 4548 tradit,
1270 4540 1273 4548 ι

357 4611 371 4620 ·’
396 4588 465 4658 'Ad
481 4601 660 4652 summum
674 4586 810 4667 patrem
826 4592 916 4664 quae
929 4580 988 4636 tua
1004 4577 1087 4634 vota
1103 4556 1246 4630 vehant.

356 4691 462 4764 Nunc
476 4687 586 4755 iustas
601 4679 695 4748 vitae
708 4677 817 4765 leges,
843 4690 1045 4763 poenasque
1061 4665 1249 4746 malorum,

408 4787 458 4861 Et
473 4784 643 4879 promissa
658 4777 755 4850 canit
768 4773 925 4868 praemia
943 4792 1069 4859 magua
1092 4766 1171 4858 piis.

359 4893 457 4965 Haec
473 4889 580 4980 igitur
596 4877 740 4958 Cithara
756 4890 807 4948 est
827 4877 871 4945 ad
893 4889 1051 4964 tempora
1068 4867 1246 4962 quaelibet
1262 4875 1355 4957 apta,

413 4989 603 5084 Aureaque
619 4987 658 5054 in
674 4981 841 5054 manibus
858 4997 999 5068 semper
1012 4967 1174 5041 habenda
1189 4967 1267 5062 piis.
