4866 5990
98 229 169 310 eos
300 211 304 218 ’
397 167 1427 308 ἐοιιιντΑΑυνιΤΑΜΕτοΒιτυΜ
1459 224 1770 312 uentura.
1900 211 1905 222 '
2055 231 2138 312 eoo

98 403 277 483 redemtio.
327 397 455 476 Edidit
475 405 569 477 alias
584 405 713 480 multas
733 417 815 476 ante
830 415 982 476 mortem
1000 425 1084 475 san-
1225 401 1310 476 Tibi
1326 389 1467 476 aeterne
1479 395 1577 476 De'us
1592 419 1626 477 et
1637 403 1744 478 Pater
1756 405 1906 478 Domini
1916 404 2031 478 nostri
2046 403 2130 478 lesu

34 553 37 560 ·
101 509 264 584 ctissimas
285 527 406 586 voces,
433 531 523 600 quae
545 509 691 580 fuerunt
717 507 918 579 testimonia
942 505 1085 600 pietatis
1131 500 1267 577 Christi
1288 507 1417 598 gratias
1436 508 1591 598 agimus,
1621 512 1717 603 quod
1739 505 1836 580 bunc
1858 510 1996 596 virum,
2026 503 2128 584 bunc

102 613 222 708 ipsius,
253 631 370 702 neque
393 602 452 677 hic
476 610 601 680 referri
623 633 746 680 omnes
770 623 940 702 possunt,
970 607 1084 680 Paulo
1132 607 1291 701 inquam,
1313 605 1490 700 Angelum
1505 623 1606 680 tuum
1622 613 1728 681 nobis
1742 625 1814 682 tam
1830 613 1894 683 diu
1910 611 2127 700 concessisti,

105 731 210 790 autem
235 721 428 803 antequam
458 705 635 783 exhalaret
661 711 832 798 animam,
863 734 985 782 cume
1008 707 1084 781 Do-
1132 723 1166 781 et
1186 709 1302 780 lucem
1328 711 1427 781 verbi
1450 711 1501 781 tui
1527 735 1692 803 percum
1715 713 1895 785 internos
1919 711 2125 786 accendisti.

105 819 194 890 mino
219 811 367 884 Pastore
395 812 635 892 recitarentur
650 813 776 898 verba,
815 803 1013 906 quaesunt
1044 811 1084 880 in
1132 807 1290 884 Oramus
1304 825 1356 898 te,
1379 827 1420 884 ut
1435 813 1524 882 alios
1539 807 1622 884 huie
1639 813 1773 884 similes
1786 813 1976 897 Doctores,
2000 826 2035 888 et
2053 813 2125 884 mi·

105 915 288 1008 Evangelio
306 909 495 984 lobannis:
521 913 628 987 Dedit
641 915 691 985 eis
706 927 925 1006 potestatem,
950 911 1083 986 utFilii
1131 913 1263 986 nistros
1287 937 1426 1007 semper
1446 915 1485 984 in
1510 908 1575 984 hac
1590 909 1719 986 Schola
1742 930 1775 986 et
1790 913 1948 988 Ecclesia
1971 916 2126 988 excitare

105 1021 161 1096 Ilei
181 1019 286 1104 fiant,
312 1015 376 1110 qui
398 1019 549 1088 credunt
570 1017 607 1086 in
625 1017 771 1088 nomine
786 1013 873 1090 eius.
924 1013 1083 1088 Sublatis
1131 1016 1231 1102 velis,
1253 1015 1347 1088 tuna
1363 1015 1603 1088 dulcissimam
1620 1017 1888 1108 promissionem
1900 1017 1977 1090 lesu
1987 1011 2127 1090 Christi

106 1121 204 1196 oculis
226 1131 263 1190 et
282 1118 450 1190 manibus
465 1120 572 1190 dixit:
600 1117 679 1190 lloc
702 1118 837 1190 dictum
858 1117 979 1187 animo
1003 1141 1082 1188 meo
1130 1117 1196 1186 filii
1226 1117 1299 1202 tui,
1338 1117 1422 1188 Non
1454 1119 1654 1212 relinquam
1681 1144 1743 1190 vos
1770 1115 1982 1212 Orplmnos,
2016 1115 2124 1192 Certe

103 1246 228 1317 semper
243 1221 471 1291 obversatur:
497 1216 534 1292 Ο
550 1233 585 1292 te
598 1221 748 1307 felicem,
773 1217 995 1312 Praeceptor,
1019 1219 1081 1312 qui
1130 1243 1227 1290 nunc
1247 1216 1351 1292 Patre
1376 1214 1444 1290 hoc
1472 1221 1599 1290 amisso
1623 1215 1791 1312 Orphani
1814 1245 1958 1303 sumus,
1984 1220 2055 1290 uisi
2078 1233 2122 1292 tu

103 1329 135 1399 in
155 1323 218 1396 bac
243 1319 335 1393 bora
359 1317 451 1392 banc
472 1323 712 1394 firmissimam
732 1321 855 1392 salutis
875 1316 1081 1392 Aneboram
1129 1317 1226 1412 Deus
1239 1321 1372 1413 optime
1387 1345 1452 1392 nos
1467 1322 1659 1392 clementer
1676 1324 1878 1416 respexeris.
1928 1322 1989 1394 Tu
2009 1320 2121 1412 igitur

103 1424 311 1524 prehendere
328 1423 487 1518 potuisti.
538 1421 703 1518 Denique
728 1422 866 1494 assidue
882 1425 995 1493 donec
1009 1421 1083 1515 spi-
1128 1421 1262 1493 Lucem
1278 1423 1378 1494 verbi
1393 1423 1446 1494 tui
1463 1424 1622 1494 innubis
1638 1447 1714 1494 nou
1732 1427 1865 1517 patiare
1879 1423 2052 1514 extingui,
2079 1436 2120 1494 tu

103 1555 170 1603 rare
184 1527 319 1624 potuit,
344 1527 486 1596 iteravit
502 1521 594 1596 hanc
614 1526 868 1620 precationem:
891 1521 989 1595 Deus
1012 1525 1082 1592 mi·
1130 1547 1268 1616 semper
1283 1523 1350 1596 tibi
1367 1522 1563 1596 Ecclesiam
1578 1525 1673 1595 inter
1690 1549 1755 1596 nos
1772 1551 1960 1618 congrega,
1979 1547 2067 1620 quae
2084 1537 2122 1596 te

102 1657 204 1704 serere
224 1629 296 1700 mei
313 1651 379 1721 per
392 1623 574 1700 Christum
598 1629 712 1698 lilium
727 1641 849 1708 tuum,
873 1638 907 1695 et
919 1626 1082 1696 sensibus
1104 1709 1108 1724 Ι
1129 1641 1223 1698 recte
1240 1627 1380 1696 invocet
1401 1639 1433 1696 et
1448 1627 1600 1698 celebret
1615 1627 1654 1696 in
1671 1641 1873 1714 aeternum,
1896 1627 2013 1700 Tude
2028 1627 2123 1698 lidos

72 1807 75 1814 ,
101 1733 327 1824 integerrimis
346 1731 435 1819 fuit,
460 1753 572 1823 usque
594 1733 639 1799 ad
661 1729 828 1804 ultimum
843 1726 934 1798 vitae
949 1728 1081 1797 articu-
1127 1726 1318 1810 Doctores,
1345 1729 1483 1822 qualem
1501 1728 1571 1796 iam
1586 1753 1605 1802 a
1623 1729 1730 1800 uobis
1742 1733 1786 1798 ad
1802 1742 1836 1799 te
1852 1727 2032 1802 revocasti.
2069 1723 2120 1800 Et

101 1839 189 1921 lum,
210 1835 298 1906 llam
313 1826 403 1902 haec
415 1831 483 1902 fuit
498 1833 575 1902 eius
588 1843 764 1924 postrema
779 1853 866 1915 vox,
891 1853 960 1922 qua
974 1841 1081 1899 testa·
1128 1853 1194 1900 nos
1210 1831 1332 1900 infide
1348 1825 1484 1902 Christi
1498 1831 1563 1898 filii
1578 1829 1652 1916 tui,
1677 1830 1715 1898 iu
1738 1831 1806 1899 lide
1823 1833 1968 1926 inquam
1982 1852 2065 1900 vera
2082 1843 2119 1898 et

104 1954 160 2011 tos
174 1949 220 2007 est
235 1961 266 2006 se
278 1934 406 2004 audire
419 1945 454 2004 et
476 1933 673 2025 intelligere
689 1957 747 2016 ea,
768 1953 858 2025 quae
876 1954 896 2000 a
916 1931 1022 2002 nobis
1038 1955 1079 2000 ex
1128 1933 1168 2002 iu
1184 1934 1293 2001 verbo
1309 1933 1446 2001 sincero
1461 1955 1630 2002 conserva
1649 1933 1688 2000 in
1704 1955 1848 2002 oannem
1864 1933 2123 2012 aeternitatem,

105 2064 194 2112 sacra
222 2037 392 2130 scriptura
422 2035 673 2110 recitabantur.
729 2031 927 2106 Resolutus
958 2034 1079 2128 itaque
1127 2058 1191 2127 per
1204 2030 1387 2106 Christum
1410 2031 1543 2106 lilium
1562 2047 1684 2120 tuum,
1707 2029 1840 2126 Amen,
1912 2025 1915 2032 ’

101 2141 258 2234 paulatim
274 2161 375 2231 ⁴pene
400 2137 477 2206 sine
503 2160 609 2208 sensu
630 2136 756 2208 mortis
777 2136 920 2204 tandem
944 2133 1081 2226 spirare
1560 2171 1561 2174 =

102 2243 212 2328 desiit,
242 2257 276 2312 et
296 2239 398 2334 quasi
426 2239 610 2330 obsopitus
640 2237 766 2324 iacuit,
790 2245 915 2330 ‘neque
933 2233 1013 2307 'ulla
1039 2234 1077 2304 in

102 2347 183 2416 facie
213 2343 378 2436 apparuit
411 2341 640 2424 deformatio,
680 2353 741 2412 aut
779 2339 1077 2410 lineamentorum
1140 2367 1207 2439 No·
1223 2350 1338 2444 7¹37·
1619 2354 1622 2360 ·
1833 2393 1839 2404 .
1934 2381 1992 2444 ,3.
2011 2368 2090 2456 App·
2196 2401 2199 2410 ,

102 2448 259 2530 mutatio,
291 2446 383 2516 sicut
405 2444 444 2512 in
474 2457 588 2514 morte
612 2443 688 2512 lieri
711 2439 810 2514 solet.
862 2436 963 2509 Felix
986 2440 1078 2531 ipse,
1132 2466 1358 2504 -ννν
1939 2461 2114 2496 w-

104 2573 197 2642 quem
210 2562 287 2640 post
301 2547 408 2636 talem
426 2543 681 2618 confessionem
701 2557 735 2614 et
752 2557 821 2612 tam
844 2541 1077 2633 multiplicem
1463 2553 1699 2668 Scriptum
1729 2556 1785 2645 0·

105 2651 348 2722 invocationem
364 2645 461 2718 Deus
476 2647 524 2718 ita
544 2646 685 2738 placido
702 2659 737 2715 et
750 2643 944 2736 tranquillo
961 2656 1078 2714 trans-

107 2755 156 2822 itu
177 2777 215 2820 es
234 2745 294 2821 hec
313 2751 441 2819 misera
459 2763 493 2820 et
515 2771 726 2818 aerumnosa
745 2745 817 2816 vita
835 2745 881 2814 ad
898 2758 1077 2816 aeternam
1126 2719 1146 2804 (

105 2855 289 2925 felicitatem
302 2851 493 2924 transtulit.
527 2849 641 2920 Nobis
655 2863 783 2931 autem,
803 2847 945 2940 suisque
958 2845 1077 2928 omni·
1193 2851 1300 2936 Scripta
1318 2847 1394 2934 publ.
1413 2850 1497 2905 teat.
1515 2850 1629 2932 waes.
1651 2851 1687 2908 Τ.
1705 2853 1753 2936 ιγ.
1776 2851 1815 2909 tit.
1837 2852 1882 2935 Q,
1896 2855 1921 2908 5.
1939 2883 1987 2936 -·
2010 2851 2114 2908 secors

38 2939 45 2950 ⁸
105 2957 166 3026 bus
179 2969 211 3026 et
225 2949 343 3026 harum
360 2951 545 3042 regionum
556 2949 737 3035 Ecclesiis,
756 2963 861 3042 atque
877 2941 961 3018 huic
973 2942 1080 3018 scho-
1227 2917 2114 3112 {fflffl2233&‘ffiffl‘fsslm‘fssllffiffflffli

1613 3055 1636 3109 el

105 3059 153 3128 lae
168 3057 398 3128 tristissimum
421 3055 476 3124 sui
493 3051 709 3124 desiderium
729 3049 891 3144 reliquit,
916 3049 1076 3143 quicum
1229 3059 1340 3142 ctario.
1364 3057 1418 3112 otri
1441 3055 1559 3128 Pitippi
1640 3093 1664 3124 ..,
1682 3059 1760 3141 optio
1772 3058 1851 3114 botua
1865 3067 2042 3140 rnaerroptas,
2059 3058 2113 3112 att·

105 3161 192 3230 velut
206 3161 243 3228 iu
256 3158 365 3228 saevis
381 3155 646 3248 tempestatibus
660 3154 769 3224 maris
783 3152 962 3236 iactemur,
987 3174 1078 3220 nau·
1227 3125 1551 3264 ζζζρξζυξζώῧῦξῗξ
1559 3125 2117 3269 “J‘of‘ffffly'ssozffif:'Qiffifflffiss

105 3263 227 3332 elerum
247 3277 405 3330 nostrum
429 3257 632 3341 amisimus,
667 3269 753 3327 tunc
773 3277 854 3324 cum
876 3254 956 3323 eius
976 3275 1077 3344 prae-
1233 3267 1302 3320 tsso
1332 3265 1362 3344 ⁴.
1394 3265 1458 3318 tom
1475 3261 1502 3316 tn
1519 3263 1789 3346 timosorutooes,
1813 3264 1946 3344 epitaphia
1966 3273 2119 3338 aaronis,
2143 3294 2161 3308 -

102 3365 203 3436 sentia
218 3363 317 3432 nobis
333 3383 440 3456 quam
461 3352 613 3428 manime
628 3383 717 3450 opus
738 3369 845 3440 esset,
871 3377 985 3448 neque
1001 3353 1077 3424 ullo
1230 3333 1981 3474 2¹2¹*ff'gsst‘ffie‘l‘df'gi'el‘ssl'kplliffjfflslffl
2000 3331 2115 3459 'lim

103 3479 247 3558 tempore
260 3465 392 3547 mlnttt,
417 3485 523 3556 quam
537 3484 647 3541 nunc,
672 3485 714 3530 et)
729 3481 846 3529 carere
861 3471 1075 3548 poteramus.
1229 3483 1336 3526 sectore
1349 3470 1514 3552 Academiae
1522 3469 1619 3526 ,Viteb.
1636 3470 1758 3544 Geor-gio
1775 3473 1904 3538 Maiore,
1917 3471 1950 3524 de
1963 3471 2056 3524 ordine
2068 3471 2114 3526 le·

103 3564 145 3638 n
160 3569 236 3638 mis
247 3579 403 3658 apparet,
424 3563 511 3658 quid
527 3559 624 3631 Deus
641 3561 680 3630 in
696 3561 817 3630 animo
832 3554 970 3643 habeat,
995 3581 1075 3628 cum
1227 3541 1353 3597 ctionum
1371 3539 1540 3610 publicarum
1554 3539 1705 3595 constituto
1720 3551 1781 3611 post
1795 3541 1899 3594 obitum
1910 3539 2116 3613 munitam.)

104 3671 179 3739 tales
191 3665 348 3740 homines
363 3691 405 3736 cx
420 3661 487 3736 hoc
502 3666 637 3732 nsssrtdo
654 3661 926 3747 aufert‚nesint
940 3673 1075 3752 specta·
1155 3693 1362 3776 mmm,
1388 3705 1420 3768 a
1446 3689 1679 3794 Professum
1704 3693 1930 3769 Academiae
1958 3693 2088 3771 Wad-

104 3787 188 3841 tores
201 3767 458 3839 imminentium
478 3767 729 3839 calamitatum.
767 3763 860 3834 Nolo
875 3761 968 3830 male
983 3759 1076 3830 omi·
1536 3796 1736 3893 hamensi&
2024 3769 2034 3782 ‘

106 3873 191 3956 nari,
212 3876 251 3942 ad
268 3869 524 3963 poenitentiam
541 3880 660 3937 tamen
676 3889 742 3934 nus
756 3879 789 3934 et
806 3865 850 3933 ad
870 3861 1075 3954 patientiam

104 3999 355 4066 praeparemus,
381 3985 423 4042 ut
445 3970 501 4038 val
525 3969 614 4037 iram
637 3967 786 4037 Domini
811 3965 982 4054 effugere,
1008 3963 1075 4045 vel,

104 4077 128 4146 si
154 4081 195 4148 sit
218 4099 328 4169 opus,
367 4087 550 4166 paternam
577 4069 842 4159 castigationem
869 4066 1076 4148 obedienter
1227 4064 1496 4137 Deliberatione
1511 4069 1613 4158 gravi
1630 4081 1665 4141 et
1688 4069 1852 4161 diligenti
1867 4068 2117 4146 adhibitadis.

102 4181 181 4250 terre
199 4179 386 4272 possimus.
435 4173 551 4246 Debet
574 4173 669 4243 euim
690 4171 814 4242 talium
837 4169 995 4238 virorum
1018 4167 1075 4236 in·
1127 4171 1320 4242 tribuimus
1334 4193 1458 4260 operas
1475 4171 1688 4258 lectionum,
1703 4175 1793 4244 sicut
1803 4175 1909 4266 patilo
1919 4190 1998 4268 post
2007 4201 2121 4270 expo-.

1953 2235 2119 2254 —s-uh-fl

1147 2717 1316 2800 Queodem
1333 2733 1376 2779 ex
1390 2719 1533 2783 oratione
1543 2717 1764 2784 Vicereetoris
1777 2717 1808 2784 d.
1820 2715 1966 2802 etntpn
1976 2717 2118 2804 habits.)

101 4282 289 4353 teritusnos
305 4281 456 4350 excitare
469 4281 514 4346 ad
530 4276 693 4346 timorem
712 4271 798 4357 Dei,
824 4271 868 4340 ad
888 4271 1076 4362 mediten-
1127 4296 1263 4357 nemus,
1279 4273 1328 4342 ita
1344 4271 1504 4364 quidem,
1518 4286 1557 4341 ut
1575 4276 1609 4344 et
1626 4275 1746 4364 plures
1761 4276 2004 4348 addiderimus
2017 4281 2120 4372 prio·
2235 4325 2237 4330 .

100 4385 172 4456 tam
188 4400 221 4456 et
236 4381 475 4453 ardentiorem
494 4375 749 4470 precationem,
776 4388 809 4444 et
825 4387 866 4444 ut
883 4371 994 4457 cauti,
1018 4372 1075 4441 di·
1128 4374 1246 4458 ribus,
1267 4386 1303 4444 et
1326 4396 1401 4458 eas,
1427 4396 1514 4466 quas
1531 4375 1713 4446 Dominus
1729 4367 1932 4476 Philippos
1946 4375 2122 4452 hactenus

100 4485 233 4576 ligentes
256 4509 297 4555 ac
319 4483 438 4554 fideles
458 4481 570 4551 simus
592 4479 632 4547 in
655 4477 889 4548 custodiendo
905 4473 1076 4564 deposito,
1128 4475 1312 4546 consuevit
1340 4497 1530 4566 usurpare,
1572 4477 1780 4571 aliquandiu
1810 4481 1995 4550 obeundas
2021 4481 2122 4552 inter

100 4591 182 4682 quod
205 4585 244 4658 bi
259 4589 332 4658 duo
349 4585 417 4654 viri
434 4578 613 4653 Lutberus
634 4603 674 4650 ac
689 4575 878 4668 Philippus
894 4577 988 4667 apud
1010 4597 1077 4644 nos
1126 4575 1287 4666 Collegas
1297 4579 1469 4669 quosdam
1487 4591 1628 4648 nostros
1642 4581 1761 4668 partiti
1778 4581 1899 4655 simus.
1925 4579 2121 4672 Speremus

99 4692 325 4785 reliquerunt,
351 4709 479 4776 nempe
494 4685 532 4753 in
549 4683 705 4774 puritate
722 4693 835 4752 castae
853 4691 888 4748 et
912 4677 1075 4748 inconta-
1128 4679 1223 4748 enim
1256 4677 1486 4748 illustrissimi
1522 4677 1700 4772 Principis
1731 4707 1772 4752 ac
1803 4679 1974 4767 Domini,
2005 4681 2115 4758 Dom.

98 4793 237 4864 minatae
251 4791 437 4863 doctrinae
450 4785 702 4857 conservanda.
751 4780 835 4853 Non
851 4780 961 4870 igitur
977 4802 1075 4850 nunc
1129 4775 1308 4874 Augusti,
1330 4777 1829 4869 DucisSaxouiaeElectoris,
1851 4781 1958 4852 latrias
1974 4781 2121 4860 scholae

99 4887 177 4964 bosa
190 4907 248 4981 est,
269 4909 311 4966 ut
327 4893 438 4962 simus
451 4888 577 4972 securi,
595 4899 655 4958 aut
669 4898 867 4966 stertamus,
886 4882 948 4952 sed
964 4881 1075 4952 simus
1127 4881 1393 4954 elementissimi
1409 4896 1441 4952 et
1464 4883 1789 4957 munificentissimi
1803 4885 2008 4971 nutritoris,
2030 4911 2121 4962 curs

97 4996 288 5087 vigilantes,
311 4993 478 5066 Vidimus
493 4991 579 5086 quid
597 5002 674 5080 post
689 4979 840 5058 lutheri
855 4997 1004 5054 mortem
1018 5005 1075 5052 se-
1128 4999 1163 5056 et
1177 4983 1349 5068 consilio,
1371 4983 1481 5054 alium
1499 4987 1700 5056 eruditione
1719 4999 1752 5056 et
1768 4987 1913 5056 caeteris
1929 4975 2039 5061 amat
2056 5015 2121 5064 ex.

95 5115 202 5170 tutum
230 5113 307 5183 est,
339 5095 427 5190 quid
453 5095 524 5164 iam
556 5093 603 5162 sit
636 5089 912 5179 expectandum,
945 5107 1075 5177 prose
1127 5087 1312 5156 tollentem
1333 5084 1450 5154 virum
1471 5088 1666 5178 quaesitum
1690 5089 1756 5168 iri,
1781 5086 1841 5157 eui
1859 5091 2054 5163 substituto
2077 5095 2120 5164 in

93 5203 231 5298 ipsisque
257 5211 410 5291 reputet.
470 5195 553 5268 Non
576 5213 719 5285 possum
746 5191 851 5282 plura
871 5189 1003 5259 addere
1024 5189 1072 5258 ob
1127 5187 1248 5258 locum
1270 5187 1431 5258 defuncti
1451 5185 1499 5260 D.
1520 5183 1680 5278 Philippi
1706 5189 1862 5258 eiusdem
1886 5216 2014 5283 operae
2037 5207 2117 5266 tuto

92 5307 255 5397 temporis
288 5301 522 5384 brevitatem,
566 5309 602 5368 et
633 5291 746 5364 animi
780 5292 850 5362 mei
887 5289 1073 5384 perturbo·
1127 5304 1162 5362 et
1182 5287 1319 5358 utiliter
1340 5287 1513 5366 committi
1535 5303 1679 5381 queant.
1730 5289 1867 5362 luterea
1892 5317 1976 5364 vcro
2000 5295 2118 5368 donec

89 5405 228 5480 tionem.
1021 5427 1029 5438 ·
1126 5391 1209 5465 talis
1221 5389 1351 5485 aliquis
1367 5389 1517 5460 idoneus
1531 5389 1757 5482 inveniatur,
1782 5393 2117 5472 decrevimstsexse
