4884 5950
283 135 389 260 oss
651 277 676 288 ,p
879 162 1308 270 Quassrronss
1341 175 1742 260 acaunum-au
2262 182 2338 260 sss

290 355 521 430 domesticam
536 351 796 425 institutionem
812 353 984 444 singulari
995 352 1124 445 pietate
1133 367 1167 426 et
1176 356 1289 426 debeo
1341 355 1443 428 ribus
1463 368 1500 428 et
1521 355 1673 426 dicimus
1691 353 1768 428 Deo
1791 353 1954 437 iuvante,
1985 363 2020 424 et
2049 350 2182 424 dicturi
2208 374 2337 426 sumus

292 459 475 545 venerari,
501 469 536 528 et
552 480 692 547 semper
708 459 916 528 venerabor.
970 454 1065 530 Dixi.
1342 453 1421 529 Oro
1445 471 1563 530 autem
1586 459 1700 530 lilium
1724 454 1793 526 Dei
1817 457 1997 546 sedentem
2013 455 2058 526 ad
2073 455 2255 528 dexteram
2272 453 2338 528 Pa·

688 635 697 652 .
932 637 940 654 .
1341 561 1425 646 tris,
1450 585 1491 632 ac
1507 561 1600 630 dona
1615 560 1825 650 largientem
1846 555 2043 640 Ecclesiae,
2076 569 2117 628 ut
2138 556 2256 630 studia
2272 579 2336 648 gu·
2420 565 2421 608 ³

535 637 714 719 me
736 635 779 703 αα
802 633 1046 718 ⁰⁸⁰⁶⁸¹¹⁰m
1340 664 1487 750 hernet,
1512 677 1546 736 et
1564 685 1630 732 nos
1645 675 1816 757 protegat.
1868 658 1966 732 Dixi.
2022 737 2027 754 ¹

392 760 583 834 Carissimo
596 752 815 847 Francisce,
841 759 936 832 Volo
952 776 987 834 et
995 783 1060 852 ego
1073 785 1186 833 meam
1202 787 1290 834 con-

290 866 480 939 fessionem
502 875 619 932 extare
641 877 765 934 contra
782 865 1084 955 praestigiatorem
1102 863 1288 935 Viennen-
1415 948 1418 953 .

291 993 365 1040 sem
381 981 416 1038 et
430 965 584 1050 similes,
609 967 672 1058 qui
689 965 818 1036 volunt
834 991 997 1036 normam
1019 966 1146 1036 ludicii
1163 967 1200 1036 in
1217 966 1289 1038 Ec·
1351 999 1418 1072 No·
1443 997 1505 1072 77·
2156 1023 2206 1066 m·
2230 1002 2324 1072 156⁰.

291 1071 395 1142 clesia
418 1091 509 1152 esse,
540 1091 616 1136 uon
639 1068 769 1158 scripta
794 1065 1004 1159 Prophetica
1027 1081 1062 1138 et
1083 1063 1287 1160 Apostolica
1347 1095 1520 1124 Μ
1556 1099 1559 1106 ·
1949 1097 1954 1102 ·
2132 1095 2335 1134 υκαι...

289 1187 324 1244 et
345 1170 538 1267 Symbola,
573 1171 647 1239 sech
661 1169 873 1240 Pontificum
900 1185 934 1242 et
955 1169 1183 1265 Synodorum
1207 1197 1289 1242 sen·
1409 1199 1440 1254 ιη
1461 1200 1591 1256 onnon.
1610 1199 1733 1269 nup.
1749 1199 1890 1270 stoaqq,
1908 1196 2292 1270 inoestponcempssn
2310 1207 2336 1252 n

290 1275 439 1359 tentiae,
465 1286 499 1343 et
521 1267 586 1341 has
612 1271 738 1344 volunt
758 1274 876 1342 valere
896 1273 1084 1342 autoritate
1098 1271 1210 1364 Regia
1226 1298 1288 1346 seu
1441 1273 1514 1343 ῬΜ
1534 1269 1661 1328 ¹¹¹⁰¹⁸f¹
1680 1268 1713 1324 T.
1731 1269 1779 1322 ¹¹¹·
1799 1271 1908 1346 ΜΗ»

230 1389 233 1394 “
288 1377 483 1450 Ptaetoria.
534 1372 613 1444 Hac
636 1375 722 1442 falsa
741 1375 968 1464 persuasione
984 1375 1068 1444 elati
1082 1372 1285 1462 Pontifices,

290 1478 524 1550 audacissime
545 1477 584 1546 in
609 1473 767 1548 Ecclesia
789 1478 1011 1548 collocarunt
1042 1491 1075 1546 et
1102 1481 1288 1552 stabiliunt

289 1582 403 1652 multa
420 1578 538 1649 ldola‚¹
585 1577 668 1648 ldeo
686 1580 798 1648 taxari
815 1603 891 1650 eam
908 1603 1048 1650 necesse
1062 1591 1124 1650 est.

395 1680 557 1752 Adfirmo
575 1705 632 1750 mc
646 1681 800 1752 retinere
815 1677 908 1752 hauc
926 1706 1044 1752 veram
1064 1683 1288 1768 sententiam,
1338 1665 1439 1751 Vult
1447 1675 1545 1750 Deus
1558 1692 1722 1750 aeternus
1733 1677 1839 1750 Pater
1852 1676 2002 1752 Domini
2011 1681 2126 1752 nostri
2137 1679 2214 1752 lesu
2224 1678 2335 1768 Chri-

289 1787 462 1857 Normam
478 1783 602 1852 indicii
614 1785 659 1853 de
675 1785 837 1852 doctrina
853 1785 890 1852 iu
901 1782 1059 1855 Ecclesia
1069 1808 1143 1854 esse
1159 1787 1288 1876 scripta
1339 1780 1406 1866 sti,
1435 1795 1572 1853 creator
1587 1783 1726 1872 generis
1743 1777 1892 1852 humani
1913 1808 1995 1854 cum
2011 1784 2086 1856 filio
2101 1807 2167 1856 sno
2182 1799 2335 1857 couter-

290 1884 502 1980 Prophetica
529 1899 562 1955 et
581 1883 785 1977 Apostolica
807 1900 840 1956 et
864 1885 1053 1980 Symbola,
1086 1911 1176 1982 quae
1202 1887 1288 1980 qui·
1339 1908 1406 1968 no,
1439 1881 1608 1974 Domino
1627 1901 1750 1956 nostro
1776 1882 1855 1954 lesu
1877 1880 2041 1966 Christo,
2076 1887 2243 1960 crucifixo
2271 1911 2336 1980 pro

289 1994 372 2061 dem
389 1990 464 2082 ipsa
478 2002 617 2060 tantum
635 1999 719 2058 sunt
732 1988 850 2058 brevis
866 1988 1026 2060 collectio
1044 1989 1290 2075 articulorum,
1338 1985 1465 2070 nobis,
1500 2001 1535 2058 et
1555 1987 1781 2072 resuscitato,
1815 2000 1849 2058 et
1868 2011 1948 2058 cum
1966 1986 2105 2080 Spiritu
2121 2012 2189 2058 suo
2205 2005 2335 2072 muno,

290 2094 353 2186 qui
382 2085 631 2188 comprehensi
660 2103 745 2161 sunt
771 2089 810 2158 in
841 2090 980 2182 scriptis
1006 2087 1229 2184 Propheticis
1255 2105 1290 2163 et
1340 2088 1477 2158 erudiri
1498 2089 1651 2180 primam
1673 2102 1842 2174 aetatem,
1874 2103 1910 2160 et
1926 2090 2003 2182 vult
2018 2114 2055 2162 se
2070 2114 2091 2160 a
2108 2092 2217 2164 nobis
2232 2093 2337 2163 invo-

292 2193 522 2286 Apostolieis.
798 2244 806 2256 ,
851 2226 855 2230 -
1340 2190 1432 2275 cari,
1464 2189 1749 2284 sicutscriptum
1773 2204 1842 2260 est:
1876 2190 1993 2262 Sinite
2016 2193 2186 2284 parvulos
2207 2197 2252 2266 ad
2280 2217 2334 2266 nse
2420 2243 2421 2252 κ

397 2293 504 2382 Quod
517 2316 601 2362 vero
616 2289 794 2364 Pontificii
808 2294 1001 2379 obiiciunt,
1026 2296 1155 2387 scripta
1172 2296 1289 2366 incer·
1340 2293 1477 2378 venire3
1511 2293 1635 2364 talium
1650 2305 1701 2364 est
1718 2293 1812 2362 enim
1829 2315 1977 2384 regnum
1995 2295 2190 2368 coelorum.
2247 2295 2334 2370 Vult
2420 2353 2421 2382 ,

290 2415 326 2468 ta
355 2417 445 2467 esse:
494 2396 622 2466 salsum
655 2407 725 2478 est,
771 2409 806 2466 et
838 2397 1135 2468 contumeliosum
1167 2413 1310 2488 contra·
1339 2394 1449 2484 igitur
1482 2419 1548 2464 nos
1580 2395 1759 2466 assuefieri
1791 2395 1831 2464 in
1861 2391 2020 2468 Ecclesia
2046 2400 2091 2468 ad
2116 2398 2332 2473 recitandam
2420 2387 2421 2420 ³

292 2500 420 2571 Deum.
474 2495 563 2568 Vult
579 2497 675 2568 Deus
691 2509 725 2566 et
745 2498 864 2569 audiri
879 2513 914 2570 et
936 2500 1089 2588 intelligi
1110 2523 1210 2570 suam
1226 2527 1290 2570 vo·
1341 2519 1441 2566 suam
1466 2498 1687 2584 doctrinam,
1721 2511 1820 2570 utet
1847 2521 1913 2568 nos
1947 2513 1982 2570 et
2008 2501 2071 2569 alii
2096 2501 2335 2572 adolescentes

292 2626 379 2674 cem.
423 2598 525 2690 Quae
539 2613 592 2672 est
606 2599 702 2668 enim
718 2599 874 2682 insania,
902 2602 1035 2688 dicere,
1057 2601 1290 2692 Decalogum,
1341 2600 1615 2670 commonebant
1640 2601 1685 2670 de
1717 2599 1900 2672 voluntate
1933 2595 2021 2688 Dei,
2059 2615 2100 2672 ut
2132 2603 2335 2692 cogitemus,

291 2704 564 2800 promissionem
581 2700 711 2792 gratiae
727 2717 762 2774 et
779 2719 941 2776 aeternae
954 2706 1095 2791 salutis,
1121 2705 1290 2776 articulos
1341 2700 1546 2770 discendam
1570 2725 1643 2772 esse
1668 2703 1886 2784 doctrinam,
1922 2703 2014 2774 sicut
2028 2719 2252 2796 praeceptum
2268 2719 2334 2778 est:

287 2807 565 2903 Symbolorum,
591 2826 665 2874 esse
679 2803 833 2877 incertos
846 2826 969 2892 sonos,
995 2817 1030 2878 et
1044 2808 1177 2878 similes
1193 2808 1290 2882 foliis
1340 2801 1410 2876 Hic
1427 2819 1479 2875 est
1495 2803 1590 2875 filius
1607 2828 1706 2876 meus
1720 2805 1888 2899 dilectus,
1916 2799 2013 2876 hunc
2028 2807 2161 2877 audite.

293 2910 464 3006 Sibyllae.
1425 2903 1675 2998 Sicutautem
1690 2907 1861 2978 usitatum
1879 2922 1946 2992 est,
1967 2933 2138 3008 ¹propono
2160 2911 2337 3007 quaestio·

397 3009 507 3099 Quod
542 3032 626 3078 vero
652 3004 821 3080 haeretici
847 3011 942 3083 dicta
965 3015 1140 3106 quaedam
1169 3014 1289 3084 detor-
1339 3033 1440 3077 nem:
1475 3002 1535 3076 An
1563 3003 1809 3078 meledictum
1831 3005 1901 3095 sit,
1931 3006 1971 3078 in
1995 3004 2205 3103 definitione
2215 3003 2335 3106 Legis

293 3126 404 3210 quent
419 3115 465 3184 ed
488 3135 550 3182 sua
577 3111 827 3194 deliramenta,
852 3114 889 3181 id
907 3116 946 3186 lit
969 3116 1128 3206 ipsorum
1146 3117 1290 3200 scelere,
1340 3105 1517 3197 moralis,
1539 3101 1627 3180 Lex
1641 3107 1800 3182 moralis
1814 3120 1866 3180 est
1882 3119 2033 3181 aeterna
2048 3111 2251 3183 stimmotu
2270 3137 2337 3183 so-

293 3217 378 3310 quia
393 3238 468 3284 non
484 3215 674 3284 conferunt
689 3215 782 3284 dictu
796 3212 1007 3306 Propheticn
1024 3231 1058 3286 et
1071 3213 1289 3308 Apostoliea.
1338 3211 1497 3304 pientia,
1520 3219 1552 3282 et
1569 3235 1701 3282 norma
1720 3211 1890 3284 iusticias
1904 3211 1945 3282 in
1962 3209 2066 3300 Deo,
2088 3213 2190 3285 cuius
2205 3210 2339 3286 rados

293 3319 435 3392 Scimus
452 3338 542 3408 opus
556 3337 629 3384 esse
645 3316 808 3386 doctrina
822 3315 859 3386 et
875 3319 1065 3390 collatione
1078 3319 1238 3396 locorum
1255 3333 1289 3389 et
1340 3311 1519 3384 immensa
1535 3311 1714 3400 bonitale,
1747 3315 1788 3385 in
1804 3313 2009 3388 rationales
2025 3326 2210 3388 creaturas
2223 3313 2335 3386 Deus

294 3419 531 3502 iudiciorum,
565 3418 656 3489 sicto
686 3435 779 3490 reete
811 3419 901 3492 dixit
925 3416 1166 3513 Epiphanius:
1204 3419 1287 3494 Non
1340 3415 1381 3486 in
1394 3416 1592 3503 creatione,
1617 3413 1829 3517 transfudit
1836 3471 1851 3508 ,
1877 3413 2087 3490 discernens
2100 3428 2192 3490 recta
2205 3427 2238 3490 et
2253 3441 2334 3492 non

292 3521 579 3595 transformanda
595 3534 679 3590 sunt
695 3521 814 3590 omnia
831 3522 922 3594 dicta
935 3523 972 3592 in
982 3521 1201 3612 Allegorias,
1225 3525 1287 3594 sed
1341 3519 1456 3602 racia,
1487 3527 1519 3589 el
1542 3515 1734 3590 ostendens
1751 3517 1852 3620 quod
1870 3519 1920 3590 sit
1935 3517 2062 3607 Deus,
2086 3528 2115 3592 el
2133 3514 2231 3620 quod
2244 3517 2335 3590 velit

292 3625 483 3697 retinenda
502 3637 552 3692 e'st
569 3625 690 3692 nativa
713 3625 901 3694 verborum
917 3625 1127 3715 significatio
1145 3627 1185 3694 in
1201 3627 1288 3714 lege,
1339 3629 1455 3709 recta,
1482 3630 1513 3690 et
1530 3620 1754 3721 praecipiat,
1777 3631 1816 3694 ul
1831 3621 1949 3694 simus
1964 3622 2042 3721 ipsi
2054 3623 2276 3723 colssormes,
2303 3633 2336 3694 el

292 3726 531 3819 promissione
565 3726 716 3814 gratiae,
749 3738 783 3794 et
818 3725 977 3798 articulis
1010 3727 1103 3801 fidei.
1175 3725 1288 3800 Addit
1337 3718 1440 3821 quod
1451 3719 1535 3794 velit
1554 3719 1734 3796 destruere
1747 3734 1958 3822 pugnantes
1975 3751 2056 3800 cum
2079 3726 2152 3798 illo
2168 3751 2313 3798 norma.

294 3843 412 3900 autem
427 3823 670 3920 Epiphanius,
702 3851 792 3918 opus
808 3851 881 3900 esse
897 3853 1001 3900 sensu
1024 3844 1059 3900 et
1075 3829 1287 3922 speculatio·
1379 3839 1382 3848 “
1439 3825 1542 3900 Hane
1557 3828 1802 3904 definitionem
1819 3831 1915 3918 bono
1930 3830 2082 3902 consilio
2096 3845 2129 3902 et
2145 3832 2205 3922 pio
2214 3831 2335 3902 studio

295 3957 352 4004 ne.
404 3929 520 4019 Sensu
536 3952 626 4020 opus
647 3943 700 4000 est
716 3932 760 4000 ad
778 3930 1010 4021 intelligenda
1026 3933 1164 4022 singula
1182 3959 1288 4004 voca·
1337 3929 1523 4012 traditam,
1554 3931 1690 4003 arrodit
1712 3931 1857 4025 quidam
1880 3931 2082 4004 virulentus
2097 3927 2336 4028 Sycophanta,

296 4033 399 4104 bula:
432 4029 681 4125 Speculatione
703 4055 793 4123 opus
817 4046 886 4118 est,
911 4036 954 4104 ad
968 4035 1132 4104 locorum
1149 4048 1184 4106 et
1199 4037 1287 4127 dog·
1338 4023 1407 4102 hoc
1421 4044 1645 4122 argumento:

200 4125 208 4136 ’
296 4147 432 4206 matum
465 4133 692 4204 collationem
725 4149 759 4206 et
792 4135 956 4206 ordinem
988 4136 1287 4209 constituendum.
1387 4131 1562 4204 Homines
1576 4158 1652 4204 non
1667 4148 1751 4206 sunt
1765 4124 1911 4210 aeterni.

295 4237 396 4309 ldeo·
408 4235 447 4306 in
460 4231 622 4305 Ecclesia·
640 4236 717 4306 vult
732 4235 827 4310 Deus
844 4260 918 4306 esse
933 4261 1054 4310 vocem
1069 4241 1288 4326 docentium,
1387 4235 1462 4314 Lex
1477 4249 1529 4307 est
1546 4237 1627 4306 data
1644 4231 1880 4323 hominibus..

295 4363 387 4434 quae
409 4361 483 4407 non
508 4338 628 4428 gignat
659 4361 752 4407 nova
777 4340 961 4430 dogmata,
993 4343 1054 4412 sed
1087 4365 1285 4412 sermonem
1389 4333 1485 4427 Ergo
1503 4339 1572 4408 Lex
1591 4362 1666 4408 non
1681 4351 1733 4408 est
1748 4353 1902 4412 aeterna.

297 4434 551 4532 Propheticum
584 4452 619 4510 et
648 4437 893 4530 apostolicum
924 4445 1044 4514 dextre
1072 4447 1216 4528 reddat,
1252 4459 1288 4516 et
1438 4439 1544 4512 Nunc
1565 4465 1717 4534 quaero,
1742 4437 1802 4512 An
1819 4456 1940 4533 proter
1955 4437 2048 4514 hanc
2064 4444 2201 4514 futilem
2220 4445 2335 4516 caril-
2413 4445 2421 4464 ¹

296 4546 539 4615 membrorum
561 4543 725 4612 ordinem
748 4543 787 4611 in
808 4545 968 4616 docendo
991 4548 1173 4634 ostendat,
1197 4571 1287 4642 quae
1335 4543 1507 4614 lotionem
1533 4543 1693 4624 foloooil
1717 4545 1932 4636 propositio,
1968 4545 2099 4636 Legem
2122 4567 2196 4630 osso
2214 4561 2337 4621 aeter·

298 4648 343 4716 ab
360 4645 551 4720 ineruditis
573 4645 649 4714 fieri
663 4667 737 4715 noo
751 4661 910 4737 possunt.
1337 4667 1421 4716 nam
1437 4645 1645 4735 sapientiam
1670 4645 1710 4714 in
1724 4643 1819 4732 Deo,
1844 4660 1878 4718 et
1898 4647 1948 4718 sic
1963 4661 2211 4738 argumentor,
2240 4663 2338 4722 recte

398 4744 505 4818 Absit
518 4751 571 4818 'ab
594 4743 754 4818 Ecclesia
779 4750 947 4835 audacia,
974 4774 1081 4844 quam
1098 4747 1166 4820 sibi
1182 4748 1287 4819 multi
1337 4746 1389 4817 sic
1404 4747 1487 4818 dici.
1536 4743 1708 4838 Expresse
1722 4747 1892 4842 scriptum
1905 4763 1976 4820 est:
2002 4747 2080 4840 Ego
2094 4747 2190 4822 Dens
2202 4765 2245 4822 et
2261 4777 2338 4824 non

296 4845 485 4918 Pontilices
515 4863 550 4920 et
584 4845 763 4922 Haeretici
797 4868 1043 4943 sumpserunt,
1083 4865 1118 4923 et
1142 4865 1288 4922 sumunt
1339 4864 1471 4921 mutor.
1524 4846 1628 4920 ltem:
1654 4848 1737 4920 Non
1747 4851 1847 4921 Deus
1860 4853 1984 4922 volens
1997 4851 2216 4944 impietatem
2233 4869 2278 4926 tu
2293 4877 2339 4924 es.

296 4948 466 5020 omnibus
492 4953 729 5044 temporibus,
762 4953 949 5044 sculpendi
979 4953 1097 5039 ldola‚
1130 4953 1288 5043 fingendi
1339 4949 1444 5022 ltem:
1470 4949 1554 5021 Non
1571 4950 1658 5021 veni
1682 4953 1817 5024 solvere
1838 4955 1969 5043 legem,
1994 4955 2056 5026 sed
2072 4955 2235 5048 implere.
2290 4954 2338 5028 Et

296 5051 486 5144 opiniones
510 5075 572 5124 seu
594 5055 796 5145 peregrinas
818 5080 881 5126 seu
909 5057 1105 5128 contrarias
1126 5056 1207 5126 voci
1231 5055 1288 5124 di·
1338 5077 1542 5148 quanquam
1564 5054 1713 5126 remittit
1732 5051 1829 5128 Deus
1850 5070 2007 5149 peccata,
2029 5071 2149 5130 tamen
2162 5083 2240 5128 non
2257 5059 2337 5132 vult

295 5155 411 5226 vinae.
608 5184 609 5188 ¹
1339 5179 1400 5242 ea,
1430 5158 1490 5226 sed
1508 5155 1641 5228 vultos
1663 5173 1971 5253 quaecongrunnt
1991 5184 2072 5232 cum
2096 5160 2172 5251 lege
2190 5163 2337 5244 morali,
2420 5217 2421 5220 ,

398 5254 468 5329 Sed
494 5255 539 5326 de
560 5251 625 5328 hac
646 5259 853 5352 quaestione
882 5257 950 5332 hoc
962 5273 1128 5354 tempore
1153 5259 1289 5350 integre
1339 5272 1374 5330 et
1395 5252 1751 5347 restituithom-ines,
1778 5275 1819 5334 ut
1841 5261 1928 5335 liant
1950 5263 2149 5336 conformes
2171 5288 2256 5336 cum
2272 5264 2338 5334 illa
2420 5277 2421 5284 ’

297 5360 369 5432 dici
391 5381 466 5430 non
486 5371 619 5452 potest,
653 5364 785 5456 ‹tequa
802 5379 920 5436 tamen
936 5386 1037 5456 saepe
1055 5363 1135 5434 aliis
1152 5375 1288 5455 tempo-
1338 5383 1402 5434 sua
1417 5359 1601 5454 sapientia.
1652 5361 1756 5436 Item:
1781 5361 1822 5436 si
1838 5366 1900 5436 illa
1920 5366 2092 5456 sapientis
2107 5383 2197 5440 esset
2214 5381 2340 5440 muta-
2420 5399 2421 5406 ¹

2280 867 2337 880 '⁸⁸-

1339 1429 1519 1512 Quoestio
1546 1431 1705 1501 Doctori
1730 1425 1910 1502 Deoida·
1937 1427 2123 1526 (Voipt)
2147 1433 2335 1524 proposito

1363 1552 1388 1604 α
1409 1531 1538 1625 Gnsp.
1562 1537 1797 1620 Peuoero,
1831 1533 2009 1604 Doctoris
2035 1535 2196 1628 Corpori
2217 1528 2309 1630 lilio.
