4866 5990
245 315 246 318 a
281 241 367 360 aas
659 237 912 320 SCRIPTA
942 237 1025 318 AD'
1055 235 1255 318 vt‘r'AM
1285 227 1633 316 nt-outrotr
1663 233 1965 324 ME'LANTH.
2256 237 2341 316 teo

294 419 489 511 scripturae
518 427 553 488 et
581 415 824 512 antiqnitatis,
857 430 950 488 certa
975 415 1185 488 diiudicatio
1211 415 1288 486 lieri
1342 435 1430 507 quas
1453 411 1601 484 insidias
1623 399 1796 484 falsorum
1815 413 1984 498 fratrum,
2016 433 2123 506 qnam
2148 422 2276 482 tetram
2300 427 2336 486 et

291 535 434 617 posset,
459 534 495 592 et
516 519 660 588 navavit
681 535 766 590 tunc
788 513 977 610 Philippus
995 520 1112 590 inilia
1130 520 1288 611 disputa-
1342 515 1619 586 abominabilem
1654 511 1762 586 huius
1798 515 1906 586 seculi
1941 510 2202 608 sophisticam,
2246 537 2336 607 quae

291 624 395 694 tione
413 645 491 692 eam
515 641 659 710 operam
676 614 854 706 Luthero,
879 635 986 716 atquc
1011 622 1059 691 ita
1082 621 1288 712 interpella·
1343 617 1545 698 mendacia,
1565 640 1654 711 quas
1679 617 1912 691 contumelias
1931 630 2027 688 tanta
2049 640 2130 688 urm
2152 615 2337 708 patientia,

292 725 348 794 vit
368 748 412 794 ae·
430 721 598 794 refutavit
612 717 779 806 Eceiurn,
805 736 845 791 ut
862 721 942 808 ille,
965 723 1057 793 sicut
1076 737 1150 794 erat
1172 723 1290 812 impa-
1342 741 1487 810 arpena
1502 719 1579 788 sine
1595 741 1700 788 sensu
1716 719 1906 800 sustinuit,
1931 719 2033 814 quasi
2047 719 2094 788 ad
2110 717 2229 788 onmia
2247 713 2337 790 haee

193 840 196 848 '
296 827 412 910 tiens,
432 826 575 895 undem
600 821 639 890 in
663 816 749 891 haec
775 823 881 892 verba
905 838 1167 916 prorumperet:
1195 822 1289 894 Tace
1343 821 1413 890 iam
1429 820 1568 912 pridem
1582 820 1815 892 occalluisset.
1856 819 1931 892 Nos
1945 841 2031 891 veru
2045 843 2125 891 cum
2142 818 2338 912 impatien-

270 929 272 932 ’
296 942 339 999 tu
358 921 526 1022 Philipps
552 947 591 992 ac
609 936 671 996 tua
695 923 810 994 studia
836 949 936 1012 curn,
962 951 1008 996 ne
1030 949 1087 996 me
1109 926 1290 1019 perturba.
1343 923 1394 992 tia
1408 934 1528 992 nostra
1544 921 1644 1007 moti,
1661 937 1696 996 et
1713 923 1813 992 illius
1827 923 1939 994 vicem
1954 923 2125 1008 dolentes,
2150 921 2337 994 interdum

284 1026 493 1118 'Praesagiit
506 1039 594 1096 tunc
608 1021 716 1096 Eccio
732 1027 838 1094 credo
855 1028 1005 1113 animus,
1032 1029 1172 1121 qualem
1186 1025 1288 1098 illum
1344 1023 1376 1094 ei
1397 1017 1595 1096 hortatores
1616 1036 1651 1094 et
1672 1023 1894 1116 instigatores
1921 1046 2092 1106 essemus,
2125 1035 2165 1094 ut
2183 1047 2336 1116 respon·

300 1128 542 1200 adversarium
559 1126 752 1220 aliquando
772 1140 861 1196 esset
877 1123 1072 1203 habiturus.
1343 1127 1462 1196 dendo
1494 1139 1529 1198 et
1560 1125 1742 1196 mendacia
1772 1127 1989 1211 refellendo,
2020 1125 2133 1196 Zoilis
2165 1125 2238 1196 illis
2263 1125 2337 1196 ali-

403 1229 558 1303 Rediere
572 1229 619 1298 ab
633 1227 697 1297 illo
713 1223 903 1318 congressu
917 1231 1041 1315 nostri,
1067 1223 1217 1302 ac'inter
1232 1251 1292 1298 eos
1344 1228 1488 1321 quando
1521 1227 1664 1298 tandem
1693 1251 1756 1298 ors
1787 1229 2002 1300 obstrueret:
2040 1225 2249 1319 Respondet
2272 1227 2337 1300 itte

301 1355 404 1404 arnor
424 1345 459 1402 et
481 1342 600 1401 saneta
625 1331 813 1399 concordia
837 1331 875 1399 in
898 1333 973 1402 dies
996 1333 1155 1423 singulos
1181 1331 1292 1421 magis
1345 1327 1544 1400 doctrinam
1570 1352 1670 1400 suam
1696 1343 1732 1400 et
1758 1331 1887 1422 scripta
1907 1342 1993 1402 nota
2015 1353 2110 1411 esse,
2146 1321 2241 1402 nihil
2263 1329 2336 1402 ulie

301 1433 484 1527 magisque
504 1430 648 1502 coaluit.
697 1428 781 1503 Fuit
805 1445 891 1503 tunc
913 1434 950 1502 id
971 1448 1129 1527 tempus,
1163 1457 1234 1528 quo
1256 1455 1293 1501 se
1344 1429 1576 1523 responsione
1603 1445 1667 1503 aut
1692 1433 1906 1504 retentione
1933 1455 2024 1524 opus
2050 1453 2140 1504 ene.
2173 1428 2339 1504 ,tunm

181 1545 184 1556 '
301 1538 406 1607 furor
416 1533 702 1605 adversariorum
720 1548 924 1605 nostrorum
937 1524 1050 1630 usque
1072 1537 1160 1606 adeo
1175 1535 1293 1605 elian-
1346 1555 1453 1604 suurn
1483 1532 1569 1618 iter,
1608 1545 1651 1604 ut
1678 1532 1776 1619 dixi,
1817 1535 1984 1624 urgebat,
2022 1553 2105 1605 eum
2138 1529 2337 1604 Pantifieiis

303 1639 421 1722 debat,
434 1648 487 1706 ut
500 1658 546 1704 ne
562 1633 707 1728 quidem
720 1635 823 1706 furtis
835 1637 920 1722 suis,
947 1651 981 1708 ot
995 1638 1201 1730 imposturis
1216 1637 1292 1728 pla·
1345 1626 1530 1706 doctrinae
1541 1645 1682 1706 nostrae
1693 1629 1857 1710 hostibus
1869 1659 1933 1708 sna
1946 1635 1986 1706 in
1997 1635 2151 1710 statime
2165 1635 2339 1710 acerrime

304 1739 383 1810 eide
406 1735 564 1808 'contenti
581 1745 675 1816 esse,
699 1751 761 1808 aut
782 1738 961 1831 quiescere
980 1754 1139 1832 possent,
1164 1737 1293 1810 Sedes
1346 1735 1582 1829 depugnabat·
1837 1757 1838 1760 ’

303 1843 451 1931 insuper
463 1862 528 1930 pro
544 1859 680 1908 summa
695 1838 840 1928 pietate,
866 1843 1117 1928 sanctimonia,
1141 1854 1176 1911 et
1191 1841 1294 1910 iusti-
1551 1841 1558 1858 ‘

304 1943 358 2013 eia
376 1941 517 2012 adoran
534 1939 764 2031 postularent.
818 1938 958 2012 Accidit
977 1929 1079 2033 ergo,
1104 1956 1142 2012 ut
1158 1937 1293 2013 Liuiis
1445 1931 1574 2010 Edidit
1587 1935 1714 2030 scripta
1732 1937 1886 2030 plurima
1900 1937 2088 2012 utilissima
2104 1950 2139 2010 et
2153 1937 2258 2010 valde
2275 1962 2339 2010 ne-

304 2068 369 2116 rns
391 2065 488 2136 pene
519 2039 653 2112 invitus
688 2042 733 2110 ad
761 2043 1075 2116 contradicendum
1099 2044 1294 2114 manifestis
1346 2039 1510 2118 oessaria,
1536 2063 1626 2134 quae
1642 2033 1854 2147 bicsinqula
1870 2063 2050 2114 recensere
2065 2041 2214 2130 longum
2235 2041 2339 2132 foret,

303 2147 450 2216 illorum
465 2137 696 2234 blasphemiis
710 2145 991 2233 compelleretur,
1007 2147 1121 2218 adfuit
1132 2147 1189 2214 illi
1204 2147 1295 2216 lidus
1345 2141 1406 2212 sed
1421 2141 1481 2212 fiet
1493 2152 1528 2211 ct
1543 2135 1624 2222 hoc,
1646 2137 1724 2212 Deo
1736 2141 1940 2230 auxiliante,
1963 2143 2036 2214 alio
2051 2156 2221 2236 ternpore.
2244 2141 2340 2215 Sunt

268 2288 273 2300 ·
302 2249 438 2338 ubique
455 2257 490 2314 et
505 2243 667 2314 assiduus
687 2238 926 2340 παρᾳστάτης
943 2244 1152 2340 Philippus,
1175 2243 1294 2341 Atque
1332 2255 1463 2314 autem
1486 2265 1527 2312 er
1545 2235 1602 2314 bis
1618 2244 1791 2338 quaedam
1808 2240 2021 2344 dimetari,
2046 2245 2179 2339 quibus
2201 2245 2339 2337 praeci-
2421 2301 2422 2308 r

304 2349 355 2418 ita
375 2347 500 2426 ambo,
524 2358 565 2415 ut
586 2345 625 2414 fit
647 2359 727 2436 post
747 2362 948 2419 consertum
970 2351 1143 2441 praelium
1162 2349 1202 2418 in
1220 2373 1293 2418 me·
1346 2343 1410 2436 pui
1426 2343 1511 2414 libri
1536 2344 1625 2416 sarri
1644 2345 1822 2418 luculenta
1846 2347 2140 2440 interpretatione
2156 2345 2341 2436 explican-

305 2449 404 2520 dium
425 2461 561 2518 aestum
577 2447 780 2518 certaminis
795 2445 1059 2540 pertrahuntur.
1109 2450 1188 2523 Hoc
1203 2464 1293 2522 tem-
1347 2456 1426 2530 tur,
1462 2458 1504 2518 ut
1536 2447 1781 2518 commentarii
1815 2449 1854 2518 in
1893 2445 2103 2532 Danielem,
2138 2443 2338 2518 iohannem

304 2575 393 2644 pore
407 2548 518 2620 multa
535 2547 651 2618 moliti
664 2563 749 2620 sunt
763 2551 968 2637 adversarii,
984 2567 1123 2626 nostros
1137 2566 1178 2624 nt
1193 2576 1295 2622 ever-
1345 2543 1633 2638 Evangelistam,
1667 2543 1848 2640 Epistolas
1874 2547 2072 2637 Pauli,'et
2103 2549 2190 2622 alios
2220 2549 2337 2620 libros

205 2675 207 2680 ’
305 2665 450 2736 terent,
471 2650 508 2720 id
533 2651 629 2744 quod
652 2651 784 2742 scripta
803 2667 838 2724 et
859 2667 934 2724 acta
961 2679 1086 2726 eorum
1109 2668 1293 2729 testantur.
1346 2670 1480 2734 111101,
1505 2647 1636 2742 1111111111
1657 2674 1731 2748 11011
1752 2653 1825 2734 1110
1849 2652 1936 2748 quid
1965 2651 2120 2724 1111111113
2141 2665 2202 2722 11111
2222 2651 2339 2742 1111811

305 2752 522 2843 Adiungunt
548 2765 584 2822 et
608 2753 739 2839 uostris
768 2753 880 2848 aliqui
912 2779 966 2838 se,
1003 2758 1065 2851 qui
1096 2750 1294 2855 παράλογα
1345 2735 1569 2842 91111111111111
1590 2773 1665 2820 esse
1681 2754 1802 2843 possit.
1852 2751 2048 2825 Conferant
2069 2747 2155 2824 haec
2178 2776 2258 2822 cuna
2275 2777 2337 2822 ve-

305 2857 478 2950 quaedam
500 2865 661 2938 movent,
685 2854 777 2926 sicut
797 2853 837 2926 frt
854 2858 962 2928 rebus
980 2860 1134 2930 motiset
1154 2873 1294 2950 pertua.
1345 2852 1501 2938 teribus,
1520 2851 1583 2946 qui
1598 2853 1730 2939 volent,
1756 2867 1790 2926 et
1807 2880 1999 2926 merorum
2015 2869 2139 2928 testem
2158 2877 2232 2926 esse
2246 2854 2339 2928 fate-

303 2959 408 3030 batis.
459 2954 537 3026 Hoc
554 2956 637 3026 loco
649 2955 687 3024 in
702 2981 790 3048 quas
806 2957 1039 3046 difficultates,
1066 2975 1099 3031 et
1114 2984 1203 3054 quae
1218 2983 1294 3029 cer.
1345 2953 1493 3028 buntur.
1533 2951 1673 3043 Pugnat
1692 2969 1728 3026 et
1743 2981 1822 3026 cum
1838 2953 2002 3029 hostibus
2018 2955 2176 3028 veritatis
2191 2957 2337 3050 ubique,

304 3061 440 3154 lamina
456 3057 688 3132 Reverendus
700 3054 878 3130 Dominus
893 3059 1103 3153 Praeceptor
1117 3063 1294 3143 inciderit,
1345 3067 1386 3124 ut
1402 3054 1488 3138 dixi,
1512 3055 1692 3140 acerrime,
1717 3069 1751 3128 et
1766 3058 1837 3128 illis
1854 3060 1998 3152 quidem
2013 3059 2176 3148 iugulum
2191 3060 2336 3151 premit,

306 3183 583 3232 commemorare
606 3181 764 3248 possem,
795 3162 918 3230 sedin
942 3162 1039 3232 aliud
1064 3177 1203 3254 ternpus
1229 3164 1293 3233 ista
1346 3157 1411 3226 etsi
1429 3157 1548 3226 minus
1564 3155 1710 3227 fortasse
1728 3159 1984 3244 tumultuatur,
2010 3185 2115 3254 quam
2131 3161 2245 3254 aliqui
2261 3161 2338 3230 vel·

306 3287 461 3334 reservo.
511 3256 590 3329 11111
609 3254 837 3352 hocquidem
855 3263 945 3348 scio,
971 3277 1005 3334 et
1021 3287 1102 3334 vere
1119 3265 1294 3334 affirmare
1345 3257 1431 3330 lent.
1476 3255 1658 3328 Postremo
1676 3261 1989 3347 utaliaomittam,
2014 3263 2337 3332 summamdoctri'-

305 3387 472 3455 possum,
504 3361 622 3460 ipsum
643 3359 772 3432 multas
793 3383 877 3433 sane
901 3359 1065 3435 horridas
1093 3367 1294 3452 sententias,
1346 3383 1415 3428 nae
1429 3355 1665 3429 Ecclesiarum
1682 3375 1881 3434 nostrarum
1899 3365 2187 3433 commodissimo
2203 3377 2237 3433 et
2254 3388 2336 3434 errr-

305 3489 353 3534 ne
368 3463 455 3558 quid
470 3461 606 3534 tristius
621 3461 755 3549 dicam,
785 3477 871 3536 tunc
887 3467 1067 3560 aliquibus
1084 3493 1164 3538 eum
1181 3466 1293 3539 multa
1346 3461 1520 3530 ditissimo
1536 3463 1746 3552 compendio
1763 3468 1965 3557 complexus
1979 3480 2030 3536 est
2047 3465 2086 3535 in
2100 3466 2234 3558 duplici
2257 3465 2335 3547 ἐξο-

305 3567 450 3637 lenitate
478 3580 514 3640 et
544 3563 817 3636 mansuetudine
844 3591 863 3637 e
892 3571 1057 3640 manibus
1092 3573 1291 3641 extorsisse:
1344 3555 1543 3660 μολογήσει
1573 3559 1799 3652 Augustana,
1834 3583 1868 3636 et
1898 3567 1979 3653 illa,
2010 3591 2101 3661 quae
2129 3567 2337 3658 superioris,

246 3703 249 3708 ·
307 3667 425 3758 Quale
439 3664 591 3752 horest,
616 3661 755 3766 homini
772 3663 975 3740 Christiano
994 3695 1066 3752 non
1091 3672 1196 3741 licere
1218 3673 1294 3742 liti·
1345 3665 1507 3755 repetitio
1521 3675 1589 3748 est,
1611 3665 1704 3735 edita
1720 3692 1815 3742 anno
1834 3669 1944 3745 1561·
1995 3667 2064 3738 1111
2077 3671 2213 3740 accedit
2226 3669 2334 3760 plene

304 3795 385 3862 gare
399 3770 438 3840 in
452 3769 598 3853 iudicio,
618 3781 679 3838 aut
693 3766 922 3858 Magistratus
934 3772 1076 3843 Politici
1089 3775 1291 3862 cognitione
1346 3781 1380 3836 ct
1412 3765 1628 3861 euactissima
1655 3769 1840 3859 explicatio
1872 3775 2076 3861 dogmatum
2109 3771 2334 3862 singulorum

170 3915 176 3922 ·
304 3874 363 3942 vel
386 3873 545 3943 subsidio
561 3871 630 3941 uti:
656 3867 718 3941 lus
732 3869 929 3944 Massicum
948 3876 1121 3946 insomni
1143 3901 1216 3945 esse
1235 3901 1292 3944 re·
1346 3864 1596 3959 corrtpreheusa
1614 3869 1707 3940 libro
1715 3922 1728 3955 ,
1756 3873 1814 3942 cui
1835 3875 1960 3946 titulus
1975 3865 2055 3958 est,
2070 3871 2157 3944 Loci
2171 3897 2335 3943 emuniu-

304 3975 523 4060 vocandum,
548 3967 664 4066 neque
678 3971 761 4042 ullis
777 3973 912 4063 legibus
927 3981 1099 4048 utendum
1118 3973 1292 4048 Christia-
1345 3993 1425 4054 1111,
1458 3967 1574 4058 erem
1596 3971 1729 4041 librum
1754 3998 1833 4042 cum
1858 3975 2004 4044 vidisset
2026 3969 2204 4045 Lutherus
2226 3997 2334 4046 ausus
2421 3981 2422 3986 ’

303 4075 374 4143 nis.
429 4073 512 4146 Non
539 4074 603 4142 ista
628 4067 778 4143 Lutberi
802 4075 903 4167 culpa
933 4071 1187 4160 movebantur,
1221 4079 1291 4150 Sed
1343 4073 1414 4142 fuit
1430 4073 1557 4155 dicere,
1582 4092 1655 4140 non
1672 4075 1835 4146 dubitare
1851 4099 1899 4162 se,
1924 4075 2015 4172 quin
2034 4076 2090 4146 vel
2105 4100 2218 4148 unum
2236 4073 2333 4147 frunt

208 4269 211 4275 Δ
302 4174 476 4260 sebasia,
502 4178 596 4270 quod
613 4175 651 4244 in
667 4174 797 4244 talibus
813 4179 1070 4251 mutationibus
1086 4181 1292 4251 scandice-
1344 4173 1476 4257 librum
1493 4170 1651 4264 Philippi
1667 4177 1833 4248 omnibus
1854 4178 2112 4263 sententiariis,
2136 4191 2171 4250 et
2192 4173 2333 4254 scholas

189 4367 197 4373 ι
301 4275 464 4348 tionibus
477 4276 639 4347 arridere
651 4277 757 4347 solet:
783 4278 875 4348 bona
893 4282 986 4351 enim
1003 4305 1105 4375 saepe
1117 4277 1291 4352 cumma—
1343 4276 1438 4344 stitis
1463 4275 1603 4366 scriptis
1629 4277 1830 4350 anteferret.
1889 4277 2010 4374 Atque
2035 4293 2076 4351 ut
2104 4294 2275 4373 rumpant
2295 4303 2331 4352 se

153 4443 159 4453 ,
300 4379 611 4464 liseradieantur‚
637 4390 777 4448 cesana
799 4405 879 4450 cum
898 4385 1073 4454 morbosis
1088 4384 1290 4458 eliciuntur.
1344 4377 1459 4446 11111111
1481 4378 1893 4470 quipostcavirotanto
1916 4383 2111 4452 obtrectare
2127 4395 2333 4474 caeperunt,

300 4480 396 4553 Nota
418 4475 534 4552 adhue
558 4474 648 4548 milri
668 4493 702 4550 et
726 4483 824 4573 quasi
849 4484 890 4551 in
906 4501 1094 4576 conspectu
1115 4501 1198 4556 sunt
1214 4487 1290 4556 eius
1343 4481 1500 4570 prolerre
1521 4487 1637 4573 neque
1658 4503 1699 4549 ex
1721 4499 1877 4555 veterum
1901 4507 1965 4555 nec
1987 4484 2222 4555 recentiorum
2243 4485 2333 4555 scri·

301 4584 424 4655 aetatis
445 4577 531 4652 haec
553 4597 587 4653 ct
608 4581 675 4651 alia
697 4585 905 4670 certamina,
931 4611 1022 4680 qnae
1042 4589 1229 4673 sustinuit,
1255 4603 1289 4660 et
1341 4581 1429 4672 ptis,
1453 4605 1568 4675 neque
1591 4582 1697 4652 eliam
1720 4605 1786 4654 ruo
1800 4580 2016 4656 exTheatro
2033 4585 2230 4680 quidquam
2246 4611 2330 4678 pos-

300 4707 406 4775 saepe
423 4687 467 4754 de
490 4679 549 4752 his
567 4681 730 4777 quereias
749 4707 846 4771 suas,
876 4685 1054 4758 Dominus
1077 4687 1289 4782 Praeceptor
1340 4697 1443 4768 sunt,
1477 4705 1568 4752 crine
1588 4680 1657 4755 hoc
1686 4687 1836 4778 scripto,
1867 4689 1963 4784 quod
1993 4687 2040 4757 sit
2061 4689 2330 4762 conferendum.

299 4787 396 4876 apud
419 4810 476 4856 me
500 4785 674 4876 deposuit.
734 4784 865 4858 Sedut
895 4789 1064 4861 formicae
1094 4805 1287 4862 certumst
1338 4783 1387 4856 Et
1403 4787 1432 4856 si
1447 4808 1521 4854 non
1537 4787 1643 4856 nimis
1660 4785 1776 4880 iniqui
1794 4805 1878 4862 sunt
1891 4791 2130 4862 aestimatores
2147 4789 2331 4862 alienila·
2421 4833 2422 4848 1

287 4909 413 4956 -nnum
436 4888 505 4958 iter
522 4901 659 4974 terunt,
687 4885 734 4957 ita
759 4887 823 4957 ille
842 4913 957 4959 unum
977 4915 1117 4962 cursum
1140 4893 1287 4982 urgebat
1337 4889 1453 4969 boris,
1480 4888 1599 4958 11111111
1619 4889 1674 4980 1111
1695 4891 1818 4976 1101111,
1843 4889 2330 4983 11111111191110011118110·

299 5009 453 5078 semper,
483 4989 680 5080 simplicem
700 4990 904 5076 veritatem,
938 5015 1085 5086 eamque
1110 4995 1283 5065 illibatam
1337 4985 2183 5082 nemPhilippielLocoscornmuneshaberent‚
2210 4997 2327 5089 quod-
2382 4986 2386 4997 ¹

298 5101 531 5174 uttueretur,
553 5091 657 5160 illum
674 5115 815 5162 cursum
832 5094 963 5178 tenuit,
991 5119 1137 5188 eamque
1152 5105 1282 5168 metam
1334 5118 1418 5164 nam
1439 5116 1567 5185 corpus
1586 5092 1781 5182 integrum,
1809 5110 1871 5168 aut
1887 5119 1995 5191 quam
2016 5117 2191 5166 summam
2218 5091 2326 5168 buius

297 5203 438 5260 secutus
460 5208 532 5270 est,
556 5193 670 5263 doraee
690 5193 798 5277 risit,
824 5219 890 5264 nec
910 5197 958 5266 ab
978 5198 1115 5268 caullis
1137 5219 1173 5266 se
1195 5223 1281 5268 con·
1333 5195 1514 5268 doctrinae
1541 5208 1656 5266 essent
1689 5191 1873 5268 habituri?
1915 5193 1998 5268 Non
2028 5197 2101 5266 iam
2134 5196 2251 5270 diram
2279 5201 2325 5270 de

294 5291 453 5380 tumeliis
465 5306 525 5364 aut
539 5292 681 5364 iniuriis
694 5295 868 5367 dimoveri
880 5322 1000 5388 passus
1015 5312 1076 5380 est,
1101 5296 1148 5370 Et
1164 5299 1280 5372 Deum
1332 5299 1430 5371 illins
1444 5296 1641 5366 utilissimis
1657 5296 1797 5389 seriptis
1810 5300 1851 5368 in
1862 5299 1942 5369 aliis
1956 5297 2170 5388 disciplinis.
2212 5299 2321 5392 Quod

187 5427 195 5438 ·
291 5391 553 5485 immortalem,
589 5419 680 5490 quae
709 5397 843 5472 interea
872 5400 984 5490 ignita
1011 5401 1081 5474 tela
1111 5401 1282 5492 Satanae,
1330 5399 1580 5498 compendium
1601 5397 1830 5490 Dialeclires,
1851 5403 1949 5498 quod
1964 5397 2195 5490 Rhetorices,
2222 5405 2320 5500 quod
