4866 5990
151 215 220 292 m
498 219 864 302 sceterata
898 219 1209 302 versura
1242 218 1486 302 ostrum
1522 175 1836 312 uastante
1940 305 1944 313 .
2122 241 2197 318 asa

250 383 351 476 Quid
366 393 485 466 autina
502 398 740 470 dadum
752 385 962 470 excellenlia
980 415 1016 472 et
1029 401 1145 472 varia
1195 389 1283 470 baec
1303 391 1422 470 schola
1447 410 1482 470 et
1503 399 1600 488 regio
1624 402 1762 490 amisit,
1801 408 2015 498 portendere
2036 411 2191 502 videtur,

160 503 226 562 lale
241 489 383 562 filum?
407 498 540 590 quibua
565 502 692 572 diviua
707 503 868 576 bonitate
885 503 1078 574 instructus
1092 517 1145 576 tot
1194 501 1353 570 dolorem
1388 513 1550 572 nostrum
1584 523 1709 592 attget,
1742 531 1848 600 quem
1882 511 2012 584 indixit
2043 517 2188 588 amissio

163 608 381 664 monomenta
415 601 561 671 utilium
596 603 809 695 scr-iptorum
843 605 973 689 edidit,
1012 606 1144 698 quibus
1193 601 1284 672 tanti
1306 613 1340 672 et
1354 601 1435 672 talis
1450 601 1617 692 praesidii
1633 619 1668 676 et
1683 612 1883 680 ornamenti
1899 609 2048 686 Scholae
2066 615 2187 688 etEc-

167 715 274 768 ωε·
303 709 421 784 partes
453 697 703 796 philosophiae
728 705 917 796 insigniter
940 707 1143 791 illustravit,
1192 703 1315 774 clasiae
1340 697 1457 774 lenitis.
1507 703 1590 776 Non
1616 706 1725 796 igitur
1750 712 1855 780 nobis
1875 720 2184 811 estoposaapien·

169 795 253 868 ΜΒ
270 801 522 888 repurgatione
544 805 727 876 doctrinae
751 807 912 877 coelestis
943 809 1141 878 reverendo
1190 804 1317 874 tissimi
1342 805 1523 876 siractdae
1542 807 1600 896 pia
1616 814 1972 904 commonefactione,
1999 821 2183 891 ntdellea-

167 898 235 968 '¹⁸¹0
247 894 392 969 Mori
407 897 769 993 MartinoImldern,
790 909 964 980 divinitus
979 909 1140 994 excitato,
1190 929 1269 976 mus
1290 920 1439 976 mortem
1465 902 1571 978 laetius
1593 911 1666 980 cari
1691 913 1800 1002 patris
1823 919 1956 1004 nostri,
1983 945 2027 990 ne
2044 917 2181 1017 ἆστορ.

164 999 288 1069 fidelem
303 1011 527 1078 demumst
548 1009 674 1079 utilem
697 1004 941 1104 παραστάτην
962 1006 1026 1081 καὶ
1048 1004 1139 1082 σύν-
1188 1001 1274 1102 ylac
1293 1007 1349 1076 vel
1372 1003 1621 1102 ἀναισθησίας
1643 1013 1771 1084 stoicae
1791 1017 1836 1085 ab
1859 1018 1938 1086 aliis
1966 1045 2179 1098 accusemur.

164 1124 263 1197 wyte·
280 1123 320 1171 te
341 1107 522 1194 probavit,
548 1109 589 1178 id
610 1115 705 1204 qaod
722 1113 864 1204 publiea
878 1113 1007 1202 scripta
1027 1113 1141 1201 ipsius
1189 1107 1269 1178 Non
1297 1123 1348 1180 est
1373 1111 1478 1180 nubis
1500 1135 1590 1206 opus
1613 1116 1841 1202 practicarum
1868 1119 2077 1210 lugubribus
2093 1149 2180 1195 con.

163 1203 395 1291 testabuntur,
431 1208 476 1280 de
504 1211 635 1304 quibus
660 1237 740 1282 cum
767 1215 842 1304 ipse
867 1213 1018 1284 uoluerit
1042 1213 1139 1282 iudi-
1190 1211 1351 1280 centibus
1376 1224 1410 1281 et
1435 1207 1589 1284 threnis:
1615 1217 1715 1285 onmi
1735 1221 1958 1292 arteanimns
1973 1227 2018 1292 ad
2033 1227 2179 1296 moesti-

161 1304 248 1373 cium
269 1326 343 1376 esse
369 1331 478 1398 pertas
497 1312 701 1384 universam
717 1307 912 1386 Ecclesiam
936 1315 1137 1406 etposteri-
1189 1311 1277 1380 ciam
1301 1337 1523 1384 commorere
1544 1318 1766 1388 conantium:
1802 1318 1881 1411 lpsa
1902 1326 2117 1397 notanimis
2142 1343 2178 1400 et

160 1417 273 1490 lm,
295 1429 372 1477 ⁸⁰¹1
386 1411 547 1484 ditemus
562 1408 622 1486 hie
637 1415 752 1505 plura.
1188 1413 1323 1482 intimis
1347 1415 1509 1484 sensibus
1534 1416 1638 1486 inlisa
1663 1413 1770 1491 huius
1788 1424 1953 1508 benefici,
1982 1428 2053 1517 pii,
2080 1429 2177 1498 salu.

254 1505 352 1578 Talis
374 1511 505 1602 igitur,
537 1527 610 1585 tarn
636 1515 818 1601 instructi,
846 1517 986 1602 seduli,
1010 1517 1136 1604 fidelia,
1187 1515 1273 1586 teris
1291 1512 1455 1584 Doctoris
1480 1519 1649 1586 memoria
1676 1524 1830 1594 etsncitat
1850 1528 1893 1594 ad
1921 1529 2177 1601 consideratio-

158 1607 285 1679 lselicis
297 1609 462 1684 Doctoris
478 1630 511 1686 et
526 1618 774 1706 gubernatoris
789 1620 985 1709 praesentia
1001 1633 1037 1689 et
1050 1643 1137 1710 npe-
1187 1639 1269 1686 uem
1310 1631 1452 1686 rttutrae
1492 1619 1749 1706 infoelicitatis,
1787 1626 1849 1717 qui
1883 1627 2177 1718 benignissimum

158 1733 197 1779 ra
217 1734 319 1803 quum
336 1709 529 1786 Academia
549 1713 636 1789 ltaec
656 1735 690 1789 ct
705 1716 861 1790 Ecclesia
886 1743 981 1788 trunc
996 1720 1133 1812 privata
1187 1729 1321 1806 patrem
1343 1733 1376 1787 et
1398 1717 1641 1790 dtdcissimum
1664 1723 1833 1812 collegam
1852 1729 2051 1800 arsenicum
2068 1735 2176 1802 casir.

159 1811 224 1896 δὴ,
250 1825 281 1884 rt
302 1815 435 1888 vulnus
465 1821 647 1909 acceperit.
666 1821 838 1911 opinione
866 1833 901 1892 et
932 1822 1134 1915 eloquentis
1185 1819 1315 1888 simum
1354 1821 1551 1890 antisimns:
1600 1820 1678 1913 lpse
1721 1841 1928 1916 conspectus
1971 1832 2176 1920 iuventutis,

161 1913 402 2003 mamutius,
429 1919 662 1992 iustissimum
684 1937 737 1993 est
757 1923 879 1992 dolere
903 1947 1043 2006 ornares,
1069 1923 1132 2016 qui
1186 1917 1440 2010 Templorum,
1473 1921 1732 2012 Collegiornm,
1771 1924 2075 2002 Bibliothecarum
2107 1959 2176 2006 no-

161 2015 345 2086 stadiorum
367 2035 463 2090 reete
486 2024 735 2094 ordinatorum
757 2037 796 2094 et
817 2019 1018 2096 scholarum
1043 2028 1134 2094 bene
1185 2033 1337 2092 atratum
1377 2022 1490 2112 ipsius
1525 2025 1722 2096 bonitatem
1751 2030 1884 2122 ubique
1917 2035 2173 2122 paratissimam

156 2117 416 2190 moderarum
430 2126 673 2196 necessitatem
692 2139 728 2196 et
743 2127 914 2196 utilitates
928 2126 1132 2216 intelligunt
1184 2123 1289 2192 nobis
1304 2123 1342 2192 io
1357 2125 1562 2196 memoriam
1577 2129 1833 2212 revocantium,
1860 2155 1901 2201 ex
1914 2135 2028 2204 oeulis
2042 2139 2175 2208 nostri,

150 2220 461 2308 etmagnitaeium.
501 2221 650 2296 Accedit
664 2221 751 2310 bae,
774 2229 870 2320 quud
886 2228 1045 2297 dolorem
1064 2251 1132 2296 uo-
1185 2224 1397 2312 largissimas
1419 2226 1593 2320 lacrymas
1613 2231 1797 2321 exprimit,
1822 2247 1857 2304 et
1876 2237 1949 2303 vim
1964 2237 2099 2308 doloris
2115 2264 2175 2310 ex.

149 2316 211 2386 Ε*
237 2335 335 2410 ΝΜ
353 2338 475 2396 mesos
491 2327 774 2420 impendentium
803 2329 1000 2413 auarum,
1042 2352 1133 2422 qrrae
1185 2341 1331 2415 asperat

151 2419 257 2488 variis
285 2425 329 2492 de
355 2427 471 2496 causis
496 2429 629 2499 irritari
657 2453 754 2500 nunc
778 2431 918 2500 sterilius
944 2441 978 2498 et
1003 2430 1132 2498 accersi
1285 2423 1484 2496 Audiamus
1515 2428 1626 2518 igitur
1653 2430 1800 2502 alteram
1829 2449 1964 2525 partem
1998 2445 2174 2536 praecepti

147 2539 310 2609 imunt,
342 2541 528 2622 postquam
550 2532 711 2602 strlslatua
736 2543 788 2601 est
811 2531 859 2612 is,
891 2531 951 2623 qui
980 2531 1130 2623 plati-ima
1184 2525 1387 2612 Siracitlae,
1418 2553 1506 2622 quae
1528 2532 1626 2600 iubet
1648 2532 1696 2602 ita
1721 2538 1897 2607 moderari
1921 2543 2101 2626 dolorem,
2127 2571 2174 2618 ne

151 2623 290 2712 publiea
302 2626 525 2700 incommoda
542 2633 720 2704 eremitat
732 2634 916 2721 impedivit
931 2657 992 2702 soa
1006 2635 1132 2702 mode-
1184 2630 1240 2698 vsl
1256 2630 1387 2700 nostris
1403 2633 1610 2724 corporibus
1625 2646 1658 2702 ct
1676 2637 1870 2708 valetudini
1896 2642 1968 2710 vim
1991 2645 2172 2732 faciamus,

154 2723 301 2810 ratione,
313 2731 675 2818 tolerantia,lsnitate‚
686 2728 1011 2820 authoritateaddo
1025 2733 1131 2801 etiam
1184 2730 1241 2798 v'el
1257 2725 1493 2800 Ethnicornm
1512 2733 1628 2802 luctus
1644 2733 1774 2805 imitari
1792 2738 1997 2829 videamur,
2018 2747 2080 2839 qui
2097 2773 2172 2820 non

155 2826 316 2916 precibus
334 2834 378 2900 ad
392 2829 534 2920 Deum,
563 2859 650 2928 qum
672 2837 803 2908 scirnos
817 2859 897 2904 etms
915 2835 1130 2904 cnmatodio
1183 2830 1402 2902 considerata
1426 2829 1492 2901 Dei
1523 2833 1562 2902 in
1592 2835 1759 2906 omnibus
1781 2840 1982 2924 actionibus
2003 2862 2176 2940 perperus

157 2935 522 3020 ”resumpsi-antiae,
537 2937 748 3022 sobrietatis,
763 2937 965 3026 vigilantiae
975 2951 1005 3004 et
1016 2937 1130 3004 lauriae
1183 2931 1358 3015 bonitate,
1383 2933 1520 3004 amissis
1541 2935 1729 3006 carissimis
1744 2939 1817 3008 suis
1832 2942 1989 3014 fremunt
2002 2947 2172 3022 adversus

151 3031 397 3118 ‘⁰³⁸5‘le
424 3040 600 3109 comitanti
623 3039 808 3127 diligentia
832 3063 894 3127 pn»
918 3052 988 3107 tota
1008 3035 1130 3106 Eccle-
1181 3031 1315 3118 Detun,
1349 3047 1382 3104 et
1403 3035 1599 3106 iniusticiae
1617 3039 1716 3130 quasi
1735 3063 1813 3108 eum
1829 3055 1863 3112 et
1879 3043 2172 3139 Tyrannidisac-

150 3131 215 3215 sin,
234 3129 420 3205 Academia
436 3153 469 3208 et
483 3140 617 3210 familia
634 3164 697 3209 sua
712 3140 973 3210 audentissimus
988 3139 1130 3210 ltatlisse.
1182 3149 1325 3217 cusant,
1350 3159 1369 3203 a
1393 3137 1523 3228 quilius
1544 3133 1760 3228 blasphemis
1776 3144 1923 3236 vocibus
1940 3161 1973 3217 et
1988 3151 2171 3240 cogitatio.
2256 3219 2259 3228 ,

151 3227 202 3300 Et
226 3249 341 3304 notum
366 3239 514 3332 est'plis
538 3241 673 3312 dietum
698 3237 912 3330 Prophetae,
945 3241 1008 3334 qai
1033 3241 1131 3324 dicit,
1182 3236 1288 3306 nibus
1312 3238 1442 3306 anisnis
1463 3252 1498 3310 et
1517 3239 1664 3310 auribus
1686 3237 1880 3316 abhorrere
1900 3249 2070 3320 debemus
2091 3277 2169 3336 ῃοι,

155 3332 428 3423 colliridam,
461 3343 677 3416 revideant
709 3343 802 3411 mala
822 3356 1004 3425 secutura,
1040 3342 1130 3410 sicut
1182 3338 1389 3430 quissimus
1406 3335 1521 3410 Βειιπι
1540 3341 1789 3414 etiamiratum
1804 3347 2066 3422 misericordiae
2088 3377 2173 3427 suae

151 3439 301 3529 exempta
333 3442 498 3512 amatium
532 3459 685 3516 aetatum
714 3458 747 3513 et
771 3445 930 3536 gentium
957 3457 1131 3514 testantur
1181 3441 1372 3524 recordari,
1398 3453 1432 3510 et
1446 3442 1652 3531 punientem
1667 3445 1884 3533 benefacere,
1911 3463 1946 3521 ct
1960 3475 2031 3546 qno
2047 3455 2172 3530 durior

154 3541 397 3626 praeatuttiutn
418 3543 597 3626 virorum,
630 3569 694 3635 per
716 3569 807 3639 quos
830 3547 968 3634 insigne
992 3543 1130 3636 aliquid
1182 3553 1234 3610 est
1254 3540 1436 3630 castigatio
1460 3542 1498 3612 in
1518 3544 1610 3612 lilios
1636 3545 1834 3632 petulantes
1855 3564 1890 3621 et
1919 3553 2095 3643 ingratos,
2126 3584 2172 3629 eo

155 3638 191 3706 in
206 3635 355 3712 Ecclesia
370 3659 506 3733 gestum
524 3662 584 3738 aot
601 3647 765 3716 effectum
789 3661 857 3730 est,
883 3647 1128 3734 migrationem
1182 3643 1300 3734 ipsum
1335 3643 1537 3712 ardentiore
1564 3650 1706 3742 στοργῇ
1737 3650 1876 3718 eosdem
1908 3677 2096 3727 comm,
2124 3665 2168 3730 ,d

158 3735 268 3812 uba
285 3743 353 3814 vita
366 3748 759 3838 publicasoalamitates
776 3749 872 3818 brevi
892 3761 1027 3818 secutas
1044 3769 1130 3828 esse,
1181 3744 1313 3814 bonam
1342 3744 1478 3833 frugem
1510 3747 1717 3837 complecti,
1755 3763 1789 3818 et
1819 3751 1999 3824 beneficiis
2029 3781 2169 3842 ornare,

162 3846 351 3932 praesertim
381 3861 500 3920 autem
531 3863 627 3934 tuna,
657 3873 739 3920 cum
764 3848 983 3937 ingratitudo
1006 3847 1128 3938 populi
1181 3845 1399 3916 moesticiam
1428 3845 1526 3914 illam
1557 3870 1598 3916 ex
1627 3849 1871 3920 recordatione
1891 3877 2083 3943 poenarum
2107 3883 2170 3930 ora.

160 3946 287 4015 samia
300 3950 502 4039 spernentis
516 3951 575 4020 illa
594 3954 708 4032 dona,
733 3964 767 4022 et
781 3950 1004 4020 extenuantis
1023 3953 1130 4018 bene-
1181 3959 1266 4030 mm,
1291 3945 1508 4016 lenientibus
1524 3961 1557 4018 et
1570 3948 1741 4038 paulatim
1757 3949 1993 4036 abolentilius,
2018 3957 2053 4026 id
2071 3965 2169 4053 qood

159 4043 243 4129 ⁶⁶3⁸,
266 4072 357 4140 qnae
370 4049 469 4122 Deua
492 4075 555 4144 per
574 4054 657 4122 illos
671 4049 908 4122 Ecclesiamm
929 4051 1132 4120 benefacto-
1182 4045 1336 4136 singuli,
1358 4046 1422 4140 qui
1436 4045 1709 4120 Patreslamilias
1724 4073 1864 4136 aomos,
1887 4057 1927 4124 io
1943 4059 2171 4149 castigatione

163 4147 373 4238 reslargitoa
397 4165 470 4234 est,
508 4155 599 4224 sieut
620 4149 712 4244 prob
733 4153 838 4224 dolor
859 4153 1014 4222 vidimus
1035 4147 1132 4223 httrrc
1182 4149 1376 4218 liberorum
1410 4163 1613 4220 nourorum
1644 4153 1865 4242 experimur,
1904 4161 2049 4250 quibus,
2089 4187 2174 4236 oum

160 4263 307 4320 nostrum
342 4253 441 4344 pium
475 4267 510 4325 et
540 4255 674 4344 optime
704 4255 870 4324 meritum
896 4255 940 4324 de
966 4253 1131 4324 universa
1183 4273 1299 4321 morea
1327 4253 1520 4322 emendant
1546 4254 1649 4322 etad
1672 4254 1911 4328 obedientiam
1936 4261 2091 4334 debitam
2113 4289 2173 4336 raa

157 4352 349 4444 posteritate
371 4351 662 4448 Praeceptsrem,
688 4357 739 4426 ab
766 4355 946 4448 aliquibus
972 4367 1131 4426 contem-
1184 4353 1306 4434 dsunt,
1333 4365 1411 4441 post
1424 4353 1542 4442 plagas
1557 4366 1591 4422 et
1607 4355 1754 4425 verbera
1770 4357 1953 4430 blanditiis
1967 4377 2002 4433 et
2019 4389 2168 4436 munos-

157 4465 265 4544 pum,
298 4457 345 4524 ab
364 4455 544 4550 al‘iquibus
558 4459 779 4541 infestatum,
802 4457 851 4526 ab
868 4457 1047 4548 aliquibus
1065 4449 1132 4524 ho-
1182 4451 1273 4522 eulis
1294 4465 1451 4522 nostram
1473 4467 1657 4542 paternam
1685 4461 1957 4548 propensionem
1983 4478 2017 4534 er
2039 4469 2169 4536 carin.

156 4555 277 4626 ttiliter
297 4557 447 4648 petitum
468 4559 596 4642 luisse,
622 4559 753 4652 quibos
775 4558 921 4630 fortasse
937 4553 996 4636 lric
1012 4569 1133 4626 noster
1183 4566 1256 4624 tem
1286 4553 1396 4644 asepe'
1417 4555 1638 4628 manifestius
1668 4558 1888 4632 declaramus
1918 4587 2023 4656 quam
2053 4580 2170 4642 anm,

157 4656 264 4728 laetos
286 4671 322 4730 et
344 4681 486 4732 moeror
506 4661 744 4750 gratissimum
765 4659 1002 4750 murelum
1031 4678 1133 4748 prae-
1185 4653 1307 4744 Quare
1326 4668 1361 4724 et
1382 4655 1565 4728 domestici
1586 4681 1627 4726 ae
1647 4661 1856 4755 propinqui,
1881 4666 1942 4756 qui
1964 4667 2090 4738 merita
2111 4670 2170 4742 lu.-

157 4757 263 4845 teate,
288 4773 324 4831 et
345 4783 474 4832 sannas
496 4785 537 4832 ac
557 4783 749 4832 sarcasmos
773 4761 856 4830 telle
871 4759 1062 4830 amariores
1077 4758 1134 4829 di·
1184 4768 1287 4846 gent,
1310 4755 1432 4826 taliae
1455 4769 1575 4847 patre,
1596 4783 1680 4842 aro,
1705 4777 1872 4852 cognato,
1897 4763 2171 4850 affluens-bato.

161 4859 275 4947 etabu,
312 4875 353 4934 ot
383 4875 548 4934 nostrum
578 4865 737 4933 dolorem
759 4885 823 4931 sos
848 4861 1078 4932 insultatione
1099 4871 1136 4931 ct
1185 4879 1280 4937 esse,
1305 4869 1340 4926 et
1360 4879 1428 4926 nos
1448 4858 1598 4951 reliqui,
1625 4861 1688 4954 qni
1708 4863 1776 4954 ipsi
1795 4864 1960 4934 familiari
1980 4875 2173 4944 consueto-

159 4958 348 5054 rampho,
374 4987 480 5056 quem
495 4967 540 5034 de
555 4977 675 5036 nostra
690 4965 822 5034 imode
837 4961 978 5055 publica
992 4961 1135 5031 miseria
1186 4959 1271 5031 dine
1290 4959 1472 5030 coniuncti
1495 4961 1650 5047 luimus,
1683 4957 1749 5034 hac
1772 4965 1983 5052 cogitatione
2009 4973 2173 5045 dolorem
2312 4969 2315 4976 ’

158 5077 268 5153 agent,
302 5065 540 5139 accumulem
599 5063 670 5136 Hic
698 5063 1075 5136 matos-mutationum
1100 5075 1136 5135 et
1185 5061 1430 5144 moderemur,
1455 5063 1551 5154 quod
1568 5063 1996 5154 scimuseummortslem
2013 5077 2172 5164 genitum

157 5187 399 5236 urumoarom
418 5167 662 5258 publicam,
688 5191 775 5260 quas
788 5187 886 5236 mort
901 5161 1008 5236 leuius
1022 5163 1136 5234 nostri
1186 5161 1312 5241 tuisse,
1345 5176 1380 5232 et
1404 5163 1502 5254 quud
1524 5163 1726 5238 uitandum
1749 5177 1820 5253 est,
1845 5169 1878 5240 ei
1899 5169 1937 5240 io
1959 5185 2054 5246 tants
2072 5177 2173 5246 labo-
2249 5209 2252 5219 ⁴

156 5267 258 5360 patris
272 5291 313 5338 ac
328 5267 501 5359 collegae,
519 5282 557 5340 et
570 5267 722 5338 alios-tam
741 5267 882 5359 piorum
898 5291 940 5338 ac
954 5267 1046 5336 bene
1061 5287 1137 5334 me
1187 5285 1288 5346 rum,
1321 5285 1506 5346 ouramm,
1537 5265 1796 5354 molestiarum,
1828 5275 2060 5345 certaminum
2086 5278 2175 5346 assi.

155 5369 297 5440 ritorons
325 5369 505 5452 virorum,
538 5392 627 5466 quos
647 5369 746 5442 brevi
763 5355 932 5461 temporis
949 5366 1139 5442 intervalla
1188 5363 1323 5438 deitate
1342 5375 1383 5436 'et
1410 5363 1601 5538 acessaittate
1624 5379 1746 5440 tamen
1770 5393 1792 5440 a
1812 5367 1913 5462 Deo,
1945 5372 2040 5448 haud
2069 5377 2178 5451 dubia
