<?xml version="1.0" encoding="UTF-8"?>
<!DOCTYPE html PUBLIC "-//W3C//DTD XHTML 1.0 Transitional//EN"
    "http://www.w3.org/TR/xhtml1/DTD/xhtml1-transitional.dtd">
<html xmlns="http://www.w3.org/1999/xhtml" xml:lang="en" lang="en">
 <head>
  <title>
</title>
<meta http-equiv="Content-Type" content="text/html;charset=utf-8" />
  <meta name='ocr-system' content='tesseract 3.04.00' />
  <meta name='ocr-capabilities' content='ocr_page ocr_carea ocr_par ocr_line ocrx_word'/>
</head>
<body>
  <div class='ocr_page' id='page_1' title='image "./philippimelanth07bindgoog_0320.png"; bbox 0 0 4896 5974; ppageno 0'>
   <div class='ocr_carea' id='block_1_1' title="bbox 289 195 2318 289">
    <p class='ocr_par' dir='ltr' id='par_1_1' title="bbox 289 195 2318 289">
     <span class='ocr_line' id='line_1_1' title="bbox 289 195 2318 289; baseline -0.003 -10"><span class='ocrx_word' id='word_1_1' title='bbox 289 214 363 289; x_wconf 81' lang='lat' dir='ltr'>till</span> <span class='ocrx_word' id='word_1_2' title='bbox 1002 195 1326 276; x_wconf 80' lang='lat' dir='ltr'>CARlllNUM</span> <span class='ocrx_word' id='word_1_3' title='bbox 1375 197 1481 278; x_wconf 87' lang='lat' dir='ltr'>LlB.</span> <span class='ocrx_word' id='word_1_4' title='bbox 1508 199 1592 274; x_wconf 87' lang='lat'><em>111.</em></span> <span class='ocrx_word' id='word_1_5' title='bbox 1820 248 1829 260; x_wconf 86' lang='lat'><em>·</em></span> <span class='ocrx_word' id='word_1_6' title='bbox 2239 202 2318 274; x_wconf 73' lang='lat' dir='ltr'>ota</span> 
     </span>
    </p>
   </div>
   <div class='ocr_carea' id='block_1_2' title="bbox 263 367 2315 2290">
    <p class='ocr_par' dir='ltr' id='par_1_2' title="bbox 301 367 2274 763">
     <span class='ocr_line' id='line_1_2' title="bbox 323 367 2231 462; baseline -0.001 -22"><span class='ocrx_word' id='word_1_7' title='bbox 323 385 387 455; x_wconf 76' lang='lat' dir='ltr'>No,</span> <span class='ocrx_word' id='word_1_8' title='bbox 408 383 495 457; x_wconf 80' lang='lat'>258,</span> <span class='ocrx_word' id='word_1_9' title='bbox 1128 400 1178 444; x_wconf 82' lang='lat' dir='ltr'>sn.</span> <span class='ocrx_word' id='word_1_10' title='bbox 1190 374 1283 439; x_wconf 69' lang='lat' dir='ltr'>isat„</span> <span class='ocrx_word' id='word_1_11' title='bbox 1337 367 1423 440; x_wconf 85' lang='lat' dir='ltr'>Esse</span> <span class='ocrx_word' id='word_1_12' title='bbox 1437 367 1554 441; x_wconf 90' lang='lat' dir='ltr'>Deum</span> <span class='ocrx_word' id='word_1_13' title='bbox 1572 392 1715 452; x_wconf 85' lang='lat' dir='ltr'>verum,</span> <span class='ocrx_word' id='word_1_14' title='bbox 1743 372 1951 462; x_wconf 81' lang='lat' dir='ltr'>patefactum</span> <span class='ocrx_word' id='word_1_15' title='bbox 1970 371 2010 440; x_wconf 91' lang='lat' dir='ltr'>in</span> <span class='ocrx_word' id='word_1_16' title='bbox 2026 395 2115 462; x_wconf 92' lang='lat' dir='ltr'>rupe</span> <span class='ocrx_word' id='word_1_17' title='bbox 2129 367 2231 442; x_wconf 84' lang='lat' dir='ltr'>Sinai</span> 
     </span>
     <span class='ocr_line' id='line_1_3' title="bbox 301 469 2274 566; baseline -0.001 -26"><span class='ocrx_word' id='word_1_18' title='bbox 301 482 514 519; x_wconf 52' lang='grc' dir='ltr'><strong>Μ</strong></span> <span class='ocrx_word' id='word_1_19' title='bbox 574 547 577 554; x_wconf 47' lang='lat'>‚</span> <span class='ocrx_word' id='word_1_20' title='bbox 1149 469 1278 494; x_wconf 63' lang='lat'>‘⁴⁹</span> <span class='ocrx_word' id='word_1_21' title='bbox 1387 469 1538 556; x_wconf 86' lang='lat' dir='ltr'>Norint,</span> <span class='ocrx_word' id='word_1_22' title='bbox 1564 471 1627 564; x_wconf 94' lang='lat' dir='ltr'>qui</span> <span class='ocrx_word' id='word_1_23' title='bbox 1646 473 2019 554; x_wconf 75' lang='lat' dir='ltr'>muudumcondidit,</span> <span class='ocrx_word' id='word_1_24' title='bbox 2044 487 2151 566; x_wconf 90' lang='lat' dir='ltr'>atque</span> <span class='ocrx_word' id='word_1_25' title='bbox 2170 471 2274 563; x_wconf 71' lang='lat' dir='ltr'>regit:</span> 
     </span>
     <span class='ocr_line' id='line_1_4' title="bbox 361 571 2223 763; baseline 0.013 -37"><span class='ocrx_word' id='word_1_26' title='bbox 361 591 1285 742; x_wconf 53' lang='lat' dir='ltr'>saturationes.sal:”reali-uua</span> <span class='ocrx_word' id='word_1_27' title='bbox 1336 571 1479 763; x_wconf 64' lang='lat' dir='ltr'>supr</span> <span class='ocrx_word' id='word_1_28' title='bbox 1495 575 1861 746; x_wconf 49' lang='lat' dir='ltr'>l⁰²¹‘⁰⁰l‘¹⁰‘·‘¹¹s¹&#39;li‘-</span> <span class='ocrx_word' id='word_1_29' title='bbox 1875 578 1920 644; x_wconf 75' lang='lat'>‘¹⁰</span> <span class='ocrx_word' id='word_1_30' title='bbox 1934 574 2071 692; x_wconf 49' lang='lat' dir='ltr'>llll</span> <span class='ocrx_word' id='word_1_31' title='bbox 2085 588 2223 745; x_wconf 57' lang='lat' dir='ltr'>&#39;imm’</span> 
     </span>
    </p>

    <p class='ocr_par' dir='ltr' id='par_1_3' title="bbox 263 699 2315 2290">
     <span class='ocr_line' id='line_1_5' title="bbox 575 699 2122 756; baseline 0.001 -12"><span class='ocrx_word' id='word_1_32' title='bbox 575 741 581 756; x_wconf 85' lang='grc'><em>,</em></span> <span class='ocrx_word' id='word_1_33' title='bbox 705 740 710 754; x_wconf 92' lang='grc'>,</span> <span class='ocrx_word' id='word_1_34' title='bbox 824 703 879 736; x_wconf 80' lang='lat' dir='ltr'>·o</span> <span class='ocrx_word' id='word_1_35' title='bbox 1425 699 1707 744; x_wconf 84' lang='lat' dir='ltr'>mvrvaseernr</span> <span class='ocrx_word' id='word_1_36' title='bbox 1752 699 1911 746; x_wconf 79' lang='lat' dir='ltr'>ansam·</span> <span class='ocrx_word' id='word_1_37' title='bbox 1945 700 2122 746; x_wconf 79' lang='lat' dir='ltr'>osmer:</span> 
     </span>
     <span class='ocr_line' id='line_1_6' title="bbox 396 699 2226 870; baseline 0.001 -27"><span class='ocrx_word' id='word_1_38' title='bbox 396 742 734 808; x_wconf 37' lang='lat' dir='ltr'>“wamiam&#39;&#39;</span> <span class='ocrx_word' id='word_1_39' title='bbox 1055 761 1057 764; x_wconf 28' lang='lat'>⁵</span> <span class='ocrx_word' id='word_1_40' title='bbox 1337 771 1472 844; x_wconf 83' lang='lat' dir='ltr'>Vocem</span> <span class='ocrx_word' id='word_1_41' title='bbox 1485 772 1671 866; x_wconf 86' lang='lat' dir='ltr'>Evangelii</span> <span class='ocrx_word' id='word_1_42' title='bbox 1687 699 1750 870; x_wconf 83' lang='lat' dir='ltr'>qdi</span> <span class='ocrx_word' id='word_1_43' title='bbox 1764 779 1852 848; x_wconf 87' lang='lat' dir='ltr'>dura</span> <span class='ocrx_word' id='word_1_44' title='bbox 1871 699 2065 868; x_wconf 33' lang='lat' dir='ltr'>{alienon</span> <span class='ocrx_word' id='word_1_45' title='bbox 2082 778 2226 868; x_wconf 77' lang='lat' dir='ltr'>spargit,</span> 
     </span>
     <span class='ocr_line' id='line_1_7' title="bbox 1388 875 2148 970; baseline 0.003 -26"><span class='ocrx_word' id='word_1_46' title='bbox 1388 875 1594 947; x_wconf 80' lang='lat' dir='ltr'>Foecundat</span> <span class='ocrx_word' id='word_1_47' title='bbox 1607 894 1745 948; x_wconf 91' lang='lat' dir='ltr'>montes</span> <span class='ocrx_word' id='word_1_48' title='bbox 1760 879 1893 950; x_wconf 84' lang='lat' dir='ltr'>semine</span> <span class='ocrx_word' id='word_1_49' title='bbox 1909 891 1949 948; x_wconf 93' lang='lat' dir='ltr'>ut</span> <span class='ocrx_word' id='word_1_50' title='bbox 1964 878 2037 970; x_wconf 92' lang='lat' dir='ltr'>ipse</span> <span class='ocrx_word' id='word_1_51' title='bbox 2052 881 2148 948; x_wconf 89' lang='lat' dir='ltr'>dato.</span> 
     </span>
     <span class='ocr_line' id='line_1_8' title="bbox 1336 974 2140 1066; baseline 0 -18"><span class='ocrx_word' id='word_1_52' title='bbox 1336 974 1450 1050; x_wconf 81' lang='lat' dir='ltr'>Addit</span> <span class='ocrx_word' id='word_1_53' title='bbox 1466 993 1500 1048; x_wconf 92' lang='lat' dir='ltr'>et</span> <span class='ocrx_word' id='word_1_54' title='bbox 1517 974 1601 1048; x_wconf 87' lang='lat' dir='ltr'>huic</span> <span class='ocrx_word' id='word_1_55' title='bbox 1618 978 1726 1050; x_wconf 88' lang='lat' dir='ltr'>vitam</span> <span class='ocrx_word' id='word_1_56' title='bbox 1740 980 1881 1051; x_wconf 86' lang='lat' dir='ltr'>coelesti</span> <span class='ocrx_word' id='word_1_57' title='bbox 1896 981 2032 1050; x_wconf 91' lang='lat' dir='ltr'>lumine</span> <span class='ocrx_word' id='word_1_58' title='bbox 2049 982 2140 1066; x_wconf 84' lang='lat' dir='ltr'>voci,</span> 
     </span>
     <span class='ocr_line' id='line_1_9' title="bbox 293 1078 1996 1172; baseline -0.004 -17"><span class='ocrx_word' id='word_1_59' title='bbox 293 1085 376 1158; x_wconf 87' lang='lat' dir='ltr'>Non</span> <span class='ocrx_word' id='word_1_60' title='bbox 390 1106 472 1155; x_wconf 89' lang='lat' dir='ltr'>casu</span> <span class='ocrx_word' id='word_1_61' title='bbox 489 1083 651 1152; x_wconf 88' lang='lat' dir='ltr'>volucres</span> <span class='ocrx_word' id='word_1_62' title='bbox 669 1078 790 1150; x_wconf 84' lang='lat' dir='ltr'>Atomi</span> <span class='ocrx_word' id='word_1_63' title='bbox 807 1078 884 1146; x_wconf 89' lang='lat' dir='ltr'>sine</span> <span class='ocrx_word' id='word_1_64' title='bbox 899 1087 1017 1145; x_wconf 91' lang='lat' dir='ltr'>mente</span> <span class='ocrx_word' id='word_1_65' title='bbox 1032 1087 1187 1158; x_wconf 87' lang='lat' dir='ltr'>ruentes,</span> <span class='ocrx_word' id='word_1_66' title='bbox 1388 1079 1533 1150; x_wconf 85' lang='lat' dir='ltr'>Adllatu</span> <span class='ocrx_word' id='word_1_67' title='bbox 1546 1091 1681 1149; x_wconf 90' lang='lat' dir='ltr'>mentes</span> <span class='ocrx_word' id='word_1_68' title='bbox 1696 1080 1769 1150; x_wconf 91' lang='lat' dir='ltr'>urit</span> <span class='ocrx_word' id='word_1_69' title='bbox 1783 1094 1817 1151; x_wconf 91' lang='lat' dir='ltr'>et</span> <span class='ocrx_word' id='word_1_70' title='bbox 1830 1081 1904 1172; x_wconf 89' lang='lat' dir='ltr'>ipse</span> <span class='ocrx_word' id='word_1_71' title='bbox 1919 1105 1996 1153; x_wconf 90' lang='lat' dir='ltr'>suo.</span> 
     </span>
     <span class='ocr_line' id='line_1_10' title="bbox 345 1177 2202 1274; baseline 0.002 -20"><span class='ocrx_word' id='word_1_72' title='bbox 345 1183 448 1255; x_wconf 89' lang='lat' dir='ltr'>Hanc</span> <span class='ocrx_word' id='word_1_73' title='bbox 465 1185 589 1254; x_wconf 91' lang='lat' dir='ltr'>mundi</span> <span class='ocrx_word' id='word_1_74' title='bbox 607 1184 758 1252; x_wconf 88' lang='lat' dir='ltr'>lormam</span> <span class='ocrx_word' id='word_1_75' title='bbox 779 1201 997 1270; x_wconf 73' lang='lat' dir='ltr'>progenuere</span> <span class='ocrx_word' id='word_1_76' title='bbox 1012 1199 1152 1260; x_wconf 70' lang='lat' dir='ltr'>novem·</span> <span class='ocrx_word' id='word_1_77' title='bbox 1334 1177 1503 1252; x_wconf 86' lang='lat' dir='ltr'>Fossores</span> <span class='ocrx_word' id='word_1_78' title='bbox 1518 1193 1636 1250; x_wconf 88' lang='lat' dir='ltr'>tamen</span> <span class='ocrx_word' id='word_1_79' title='bbox 1651 1205 1724 1252; x_wconf 89' lang='lat' dir='ltr'>esse</span> <span class='ocrx_word' id='word_1_80' title='bbox 1742 1181 1856 1263; x_wconf 87' lang='lat' dir='ltr'>iubet,</span> <span class='ocrx_word' id='word_1_81' title='bbox 1882 1207 1944 1274; x_wconf 78' lang='lat' dir='ltr'>sua</span> <span class='ocrx_word' id='word_1_82' title='bbox 1958 1183 2053 1256; x_wconf 81' lang='lat' dir='ltr'>dicta</span> <span class='ocrx_word' id='word_1_83' title='bbox 2068 1183 2202 1270; x_wconf 68' lang='lat' dir='ltr'>duceri.</span> 
     </span>
     <span class='ocr_line' id='line_1_11' title="bbox 293 1275 2027 1376; baseline -0.001 -18"><span class='ocrx_word' id='word_1_84' title='bbox 293 1283 495 1358; x_wconf 83' lang='lat' dir='ltr'>Formatrix</span> <span class='ocrx_word' id='word_1_85' title='bbox 515 1289 576 1355; x_wconf 88' lang='lat' dir='ltr'>sed</span> <span class='ocrx_word' id='word_1_86' title='bbox 600 1306 698 1352; x_wconf 91' lang='lat' dir='ltr'>mens</span> <span class='ocrx_word' id='word_1_87' title='bbox 713 1281 854 1372; x_wconf 89' lang='lat' dir='ltr'>sapiens</span> <span class='ocrx_word' id='word_1_88' title='bbox 876 1304 916 1349; x_wconf 86' lang='lat' dir='ltr'>ac</span> <span class='ocrx_word' id='word_1_89' title='bbox 930 1278 1064 1370; x_wconf 90' lang='lat' dir='ltr'>optima</span> <span class='ocrx_word' id='word_1_90' title='bbox 1077 1275 1205 1358; x_wconf 81' lang='lat' dir='ltr'>mundi</span> <span class='ocrx_word' id='word_1_91' title='bbox 1221 1289 1285 1364; x_wconf 85' lang='lat' dir='ltr'>est,</span> <span class='ocrx_word' id='word_1_92' title='bbox 1386 1279 1434 1352; x_wconf 85' lang='lat' dir='ltr'>Et</span> <span class='ocrx_word' id='word_1_93' title='bbox 1450 1283 1567 1352; x_wconf 87' lang='lat' dir='ltr'>studio</span> <span class='ocrx_word' id='word_1_94' title='bbox 1581 1283 1668 1352; x_wconf 86' lang='lat' dir='ltr'>disci</span> <span class='ocrx_word' id='word_1_95' title='bbox 1684 1283 1853 1376; x_wconf 77' lang='lat' dir='ltr'>praecipit</span> <span class='ocrx_word' id='word_1_96' title='bbox 1870 1285 1942 1376; x_wconf 94' lang='lat' dir='ltr'>ipse</span> <span class='ocrx_word' id='word_1_97' title='bbox 1958 1285 2027 1376; x_wconf 91' lang='lat' dir='ltr'>pio.</span> 
     </span>
     <span class='ocr_line' id='line_1_12' title="bbox 263 1379 2226 1480; baseline -0.002 -22"><span class='ocrx_word' id='word_1_98' title='bbox 263 1437 264 1442; x_wconf 20' lang='grc' dir='ltr'><strong>κ</strong></span> <span class='ocrx_word' id='word_1_99' title='bbox 344 1385 479 1458; x_wconf 89' lang='lat' dir='ltr'>Omnia</span> <span class='ocrx_word' id='word_1_100' title='bbox 495 1409 585 1480; x_wconf 91' lang='lat' dir='ltr'>quae</span> <span class='ocrx_word' id='word_1_101' title='bbox 602 1385 692 1453; x_wconf 92' lang='lat' dir='ltr'>mira</span> <span class='ocrx_word' id='word_1_102' title='bbox 709 1381 871 1452; x_wconf 83' lang='lat' dir='ltr'>condidit</span> <span class='ocrx_word' id='word_1_103' title='bbox 882 1393 957 1450; x_wconf 88' lang='lat' dir='ltr'>arte</span> <span class='ocrx_word' id='word_1_104' title='bbox 972 1379 1078 1453; x_wconf 89' lang='lat' dir='ltr'>Deus.</span> <span class='ocrx_word' id='word_1_105' title='bbox 1335 1380 1440 1453; x_wconf 82' lang='lat' dir='ltr'>Disce</span> <span class='ocrx_word' id='word_1_106' title='bbox 1455 1383 1669 1473; x_wconf 74' lang='lat' dir='ltr'>sareptanae</span> <span class='ocrx_word' id='word_1_107' title='bbox 1686 1387 1811 1455; x_wconf 87' lang='lat' dir='ltr'>viduae</span> <span class='ocrx_word' id='word_1_108' title='bbox 1826 1385 1884 1477; x_wconf 90' lang='lat' dir='ltr'>pia</span> <span class='ocrx_word' id='word_1_109' title='bbox 1903 1385 2011 1472; x_wconf 84' lang='lat' dir='ltr'>latta,</span> <span class='ocrx_word' id='word_1_110' title='bbox 2037 1387 2226 1479; x_wconf 86' lang='lat' dir='ltr'>fidemque,</span> 
     </span>
     <span class='ocr_line' id='line_1_13' title="bbox 291 1481 2315 1582; baseline -0.001 -20"><span class='ocrx_word' id='word_1_111' title='bbox 291 1488 523 1582; x_wconf 87' lang='lat' dir='ltr'>Consilioque</span> <span class='ocrx_word' id='word_1_112' title='bbox 542 1509 644 1576; x_wconf 82' lang='lat' dir='ltr'>sagax</span> <span class='ocrx_word' id='word_1_113' title='bbox 661 1485 777 1554; x_wconf 89' lang='lat' dir='ltr'>varios</span> <span class='ocrx_word' id='word_1_114' title='bbox 792 1481 955 1552; x_wconf 78' lang='lat' dir='ltr'>distinxit</span> <span class='ocrx_word' id='word_1_115' title='bbox 972 1483 1015 1550; x_wconf 88' lang='lat' dir='ltr'>ad</span> <span class='ocrx_word' id='word_1_116' title='bbox 1032 1503 1129 1564; x_wconf 86' lang='lat' dir='ltr'>usus,</span> <span class='ocrx_word' id='word_1_117' title='bbox 1387 1482 1483 1553; x_wconf 90' lang='lat' dir='ltr'>Haec</span> <span class='ocrx_word' id='word_1_118' title='bbox 1498 1485 1616 1577; x_wconf 87' lang='lat' dir='ltr'>aliqua</span> <span class='ocrx_word' id='word_1_119' title='bbox 1631 1499 1672 1556; x_wconf 91' lang='lat' dir='ltr'>ut</span> <span class='ocrx_word' id='word_1_120' title='bbox 1693 1487 1821 1556; x_wconf 87' lang='lat' dir='ltr'>reseras</span> <span class='ocrx_word' id='word_1_121' title='bbox 1835 1502 1950 1579; x_wconf 87' lang='lat' dir='ltr'>parte,</span> <span class='ocrx_word' id='word_1_122' title='bbox 1972 1511 2117 1578; x_wconf 83' lang='lat' dir='ltr'>precare</span> <span class='ocrx_word' id='word_1_123' title='bbox 2132 1485 2263 1560; x_wconf 77' lang='lat' dir='ltr'>Iseon.</span> <span class='ocrx_word' id='word_1_124' title='bbox 2309 1534 2315 1550; x_wconf 83' lang='lat'>·</span> 
     </span>
     <span class='ocr_line' id='line_1_14' title="bbox 344 1582 2205 1680; baseline 0 -20"><span class='ocrx_word' id='word_1_125' title='bbox 344 1587 393 1660; x_wconf 85' lang='lat' dir='ltr'>Et</span> <span class='ocrx_word' id='word_1_126' title='bbox 409 1593 575 1680; x_wconf 76' lang='lat' dir='ltr'>prodesse</span> <span class='ocrx_word' id='word_1_127' title='bbox 593 1585 731 1658; x_wconf 87' lang='lat' dir='ltr'>homini</span> <span class='ocrx_word' id='word_1_128' title='bbox 746 1600 881 1658; x_wconf 88' lang='lat' dir='ltr'>caetera</span> <span class='ocrx_word' id='word_1_129' title='bbox 902 1597 1027 1652; x_wconf 88' lang='lat' dir='ltr'>cuncta</span> <span class='ocrx_word' id='word_1_130' title='bbox 1043 1582 1154 1655; x_wconf 77' lang='lat' dir='ltr'>iubet</span> <span class='ocrx_word' id='word_1_131' title='bbox 1336 1584 1389 1656; x_wconf 87' lang='lat' dir='ltr'>Ac</span> <span class='ocrx_word' id='word_1_132' title='bbox 1405 1587 1512 1656; x_wconf 89' lang='lat' dir='ltr'>simul</span> <span class='ocrx_word' id='word_1_133' title='bbox 1527 1586 1664 1656; x_wconf 85' lang='lat' dir='ltr'>effundi</span> <span class='ocrx_word' id='word_1_134' title='bbox 1679 1588 1840 1657; x_wconf 80' lang='lat' dir='ltr'>divinans</span> <span class='ocrx_word' id='word_1_135' title='bbox 1854 1589 1893 1658; x_wconf 92' lang='lat' dir='ltr'>in</span> <span class='ocrx_word' id='word_1_136' title='bbox 1907 1603 2047 1680; x_wconf 86' lang='lat' dir='ltr'>pectore</span> <span class='ocrx_word' id='word_1_137' title='bbox 2062 1591 2205 1675; x_wconf 58' lang='lat' dir='ltr'>lucent„</span> 
     </span>
     <span class='ocr_line' id='line_1_15' title="bbox 290 1683 2160 1783; baseline 0 -18"><span class='ocrx_word' id='word_1_138' title='bbox 290 1689 341 1765; x_wconf 84' lang='lat' dir='ltr'>Et</span> <span class='ocrx_word' id='word_1_139' title='bbox 357 1691 449 1760; x_wconf 91' lang='lat' dir='ltr'>clara</span> <span class='ocrx_word' id='word_1_140' title='bbox 467 1689 644 1782; x_wconf 79' lang='lat' dir='ltr'>impressit</span> <span class='ocrx_word' id='word_1_141' title='bbox 661 1687 782 1758; x_wconf 87' lang='lat' dir='ltr'>multis</span> <span class='ocrx_word' id='word_1_142' title='bbox 802 1686 946 1775; x_wconf 88' lang='lat' dir='ltr'>vestigia</span> <span class='ocrx_word' id='word_1_143' title='bbox 962 1683 1079 1768; x_wconf 90' lang='lat' dir='ltr'>rebus,</span> <span class='ocrx_word' id='word_1_144' title='bbox 1388 1687 1500 1780; x_wconf 92' lang='lat' dir='ltr'>lnque</span> <span class='ocrx_word' id='word_1_145' title='bbox 1515 1688 1616 1757; x_wconf 87' lang='lat' dir='ltr'>sinus</span> <span class='ocrx_word' id='word_1_146' title='bbox 1634 1702 1746 1758; x_wconf 87' lang='lat' dir='ltr'>terrae</span> <span class='ocrx_word' id='word_1_147' title='bbox 1760 1691 1895 1760; x_wconf 89' lang='lat' dir='ltr'>semina</span> <span class='ocrx_word' id='word_1_148' title='bbox 1910 1691 2026 1781; x_wconf 84' lang='lat' dir='ltr'>larga,</span> <span class='ocrx_word' id='word_1_149' title='bbox 2051 1706 2160 1783; x_wconf 81' lang='lat' dir='ltr'>petas.</span> 
     </span>
     <span class='ocr_line' id='line_1_16' title="bbox 343 1786 2118 1884; baseline 0.001 -22"><span class='ocrx_word' id='word_1_150' title='bbox 343 1790 498 1882; x_wconf 85' lang='lat' dir='ltr'>Agnosci</span> <span class='ocrx_word' id='word_1_151' title='bbox 513 1791 652 1883; x_wconf 91' lang='lat' dir='ltr'>sapiens</span> <span class='ocrx_word' id='word_1_152' title='bbox 665 1789 829 1860; x_wconf 91' lang='lat' dir='ltr'>conditor</span> <span class='ocrx_word' id='word_1_153' title='bbox 842 1790 940 1856; x_wconf 89' lang='lat' dir='ltr'>unde</span> <span class='ocrx_word' id='word_1_154' title='bbox 955 1799 1070 1879; x_wconf 80' lang='lat' dir='ltr'>queat.</span> <span class='ocrx_word' id='word_1_155' title='bbox 1337 1786 1455 1860; x_wconf 80' lang='lat' dir='ltr'>Gnate</span> <span class='ocrx_word' id='word_1_156' title='bbox 1470 1787 1538 1860; x_wconf 90' lang='lat' dir='ltr'>Dei</span> <span class='ocrx_word' id='word_1_157' title='bbox 1552 1790 1685 1880; x_wconf 81' lang='lat' dir='ltr'>efligies</span> <span class='ocrx_word' id='word_1_158' title='bbox 1702 1793 1837 1862; x_wconf 90' lang='lat' dir='ltr'>aeterni</span> <span class='ocrx_word' id='word_1_159' title='bbox 1854 1793 1934 1862; x_wconf 80' lang='lat' dir='ltr'>viva</span> <span class='ocrx_word' id='word_1_160' title='bbox 1949 1794 2118 1884; x_wconf 87' lang='lat' dir='ltr'>parentis,</span> 
     </span>
     <span class='ocr_line' id='line_1_17' title="bbox 290 1883 2254 1990; baseline -0.001 -24"><span class='ocrx_word' id='word_1_161' title='bbox 290 1893 387 1966; x_wconf 86' lang='lat' dir='ltr'>Haec</span> <span class='ocrx_word' id='word_1_162' title='bbox 423 1894 562 1964; x_wconf 85' lang='lat' dir='ltr'>bonitas</span> <span class='ocrx_word' id='word_1_163' title='bbox 595 1892 807 1961; x_wconf 89' lang='lat' dir='ltr'>celebranda</span> <span class='ocrx_word' id='word_1_164' title='bbox 841 1901 902 1958; x_wconf 91' lang='lat' dir='ltr'>tna</span> <span class='ocrx_word' id='word_1_165' title='bbox 936 1899 988 1957; x_wconf 88' lang='lat' dir='ltr'>est</span> <span class='ocrx_word' id='word_1_166' title='bbox 1019 1883 1116 1957; x_wconf 88' lang='lat' dir='ltr'>Deus</span> <span class='ocrx_word' id='word_1_167' title='bbox 1150 1886 1283 1978; x_wconf 87' lang='lat' dir='ltr'>optime</span> <span class='ocrx_word' id='word_1_168' title='bbox 1385 1889 1778 1984; x_wconf 83' lang='lat' dir='ltr'>Hospopulosserves,</span> <span class='ocrx_word' id='word_1_169' title='bbox 1803 1907 1999 1983; x_wconf 73' lang='lat' dir='ltr'>temeror,</span> <span class='ocrx_word' id='word_1_170' title='bbox 2025 1904 2254 1990; x_wconf 78' lang='lat' dir='ltr'>atqus&#39;regas.</span> 
     </span>
     <span class='ocr_line' id='line_1_18' title="bbox 670 1986 2142 2086; baseline 0.01 -31"><span class='ocrx_word' id='word_1_171' title='bbox 670 2052 675 2056; x_wconf 86' lang='grc'><strong>,</strong></span> <span class='ocrx_word' id='word_1_172' title='bbox 805 2009 954 2082; x_wconf 88' lang='lat' dir='ltr'>semper,</span> <span class='ocrx_word' id='word_1_173' title='bbox 1334 1986 1389 2061; x_wconf 86' lang='lat' dir='ltr'>Ac</span> <span class='ocrx_word' id='word_1_174' title='bbox 1402 1989 1598 2082; x_wconf 78' lang='lat' dir='ltr'>Eversgelio</span> <span class='ocrx_word' id='word_1_175' title='bbox 1613 2017 1752 2084; x_wconf 87' lang='lat' dir='ltr'>semper</span> <span class='ocrx_word' id='word_1_176' title='bbox 1766 1995 1831 2066; x_wconf 86' lang='lat' dir='ltr'>tihi</span> <span class='ocrx_word' id='word_1_177' title='bbox 1845 1997 1972 2086; x_wconf 91' lang='lat' dir='ltr'>collige</span> <span class='ocrx_word' id='word_1_178' title='bbox 1988 2012 2142 2084; x_wconf 86' lang='lat' dir='ltr'>costum,</span> 
     </span>
     <span class='ocr_line' id='line_1_19' title="bbox 341 2089 2084 2191; baseline 0 -23"><span class='ocrx_word' id='word_1_179' title='bbox 341 2097 413 2169; x_wconf 83' lang='lat' dir='ltr'>Fac</span> <span class='ocrx_word' id='word_1_180' title='bbox 427 2112 546 2190; x_wconf 87' lang='lat' dir='ltr'>gratae</span> <span class='ocrx_word' id='word_1_181' title='bbox 561 2106 695 2164; x_wconf 85' lang='lat' dir='ltr'>mentes</span> <span class='ocrx_word' id='word_1_182' title='bbox 710 2105 752 2162; x_wconf 92' lang='lat' dir='ltr'>ut</span> <span class='ocrx_word' id='word_1_183' title='bbox 766 2103 827 2160; x_wconf 87' lang='lat' dir='ltr'>tua</span> <span class='ocrx_word' id='word_1_184' title='bbox 845 2091 933 2160; x_wconf 84' lang='lat' dir='ltr'>facta</span> <span class='ocrx_word' id='word_1_185' title='bbox 951 2103 1092 2169; x_wconf 87' lang='lat' dir='ltr'>canant,</span> <span class='ocrx_word' id='word_1_186' title='bbox 1384 2089 1568 2163; x_wconf 89' lang='lat' dir='ltr'>Concedas</span> <span class='ocrx_word' id='word_1_187' title='bbox 1579 2095 1708 2164; x_wconf 91' lang='lat' dir='ltr'>studiis</span> <span class='ocrx_word' id='word_1_188' title='bbox 1726 2091 1988 2191; x_wconf 76' lang='lat' dir='ltr'>hospitiumque</span> <span class='ocrx_word' id='word_1_189' title='bbox 2006 2099 2084 2190; x_wconf 91' lang='lat' dir='ltr'>piis.</span> 
     </span>
     <span class='ocr_line' id='line_1_20' title="bbox 290 2187 2265 2290; baseline 0 -20"><span class='ocrx_word' id='word_1_190' title='bbox 290 2199 413 2290; x_wconf 84' lang='lat' dir='ltr'>Quare</span> <span class='ocrx_word' id='word_1_191' title='bbox 428 2200 534 2268; x_wconf 90' lang='lat' dir='ltr'>etiam</span> <span class='ocrx_word' id='word_1_192' title='bbox 555 2209 669 2288; x_wconf 82' lang='lat' dir='ltr'>grates</span> <span class='ocrx_word' id='word_1_193' title='bbox 692 2217 755 2284; x_wconf 93' lang='lat' dir='ltr'>pro</span> <span class='ocrx_word' id='word_1_194' title='bbox 772 2204 872 2260; x_wconf 90' lang='lat' dir='ltr'>tanto</span> <span class='ocrx_word' id='word_1_195' title='bbox 889 2187 957 2262; x_wconf 88' lang='lat' dir='ltr'>hoc</span> <span class='ocrx_word' id='word_1_196' title='bbox 975 2214 1122 2262; x_wconf 90' lang='lat' dir='ltr'>munere</span> <span class='ocrx_word' id='word_1_197' title='bbox 1137 2193 1232 2278; x_wconf 89' lang='lat' dir='ltr'>dieo,</span> <span class='ocrx_word' id='word_1_198' title='bbox 1333 2192 1430 2265; x_wconf 88' lang='lat' dir='ltr'>Haec</span> <span class='ocrx_word' id='word_1_199' title='bbox 1446 2196 1567 2264; x_wconf 88' lang='lat' dir='ltr'>animo</span> <span class='ocrx_word' id='word_1_200' title='bbox 1584 2196 1699 2280; x_wconf 82' lang='lat' dir='ltr'>volui,</span> <span class='ocrx_word' id='word_1_201' title='bbox 1726 2197 1804 2288; x_wconf 86' lang='lat' dir='ltr'>iuga</span> <span class='ocrx_word' id='word_1_202' title='bbox 1822 2223 1886 2290; x_wconf 89' lang='lat' dir='ltr'>per</span> <span class='ocrx_word' id='word_1_203' title='bbox 1901 2195 2114 2270; x_wconf 83' lang='lat' dir='ltr'>loaclrimira</span> <span class='ocrx_word' id='word_1_204' title='bbox 2130 2215 2265 2285; x_wconf 78' lang='lat' dir='ltr'>vestus,</span> 
     </span>
    </p>
   </div>
   <div class='ocr_carea' id='block_1_3' title="bbox 225 2293 2329 2498">
    <p class='ocr_par' dir='ltr' id='par_1_4' title="bbox 225 2293 2329 2498">
     <span class='ocr_line' id='line_1_21' title="bbox 343 2293 2329 2394; baseline 0.001 -22"><span class='ocrx_word' id='word_1_205' title='bbox 343 2297 450 2389; x_wconf 91' lang='lat' dir='ltr'>Quod</span> <span class='ocrx_word' id='word_1_206' title='bbox 466 2311 601 2368; x_wconf 91' lang='lat' dir='ltr'>certum</span> <span class='ocrx_word' id='word_1_207' title='bbox 617 2309 669 2365; x_wconf 91' lang='lat' dir='ltr'>est</span> <span class='ocrx_word' id='word_1_208' title='bbox 684 2293 768 2364; x_wconf 87' lang='lat' dir='ltr'>artis</span> <span class='ocrx_word' id='word_1_209' title='bbox 783 2305 923 2363; x_wconf 86' lang='lat' dir='ltr'>tantum</span> <span class='ocrx_word' id='word_1_210' title='bbox 940 2315 1029 2383; x_wconf 91' lang='lat' dir='ltr'>opus</span> <span class='ocrx_word' id='word_1_211' title='bbox 1042 2315 1116 2361; x_wconf 88' lang='lat' dir='ltr'>esse</span> <span class='ocrx_word' id='word_1_212' title='bbox 1132 2307 1229 2363; x_wconf 91' lang='lat' dir='ltr'>tuae:</span> <span class='ocrx_word' id='word_1_213' title='bbox 1385 2296 1523 2390; x_wconf 81' lang='lat' dir='ltr'>Perque</span> <span class='ocrx_word' id='word_1_214' title='bbox 1538 2295 1665 2368; x_wconf 84' lang='lat' dir='ltr'>Annae</span> <span class='ocrx_word' id='word_1_215' title='bbox 1681 2314 1819 2370; x_wconf 81' lang='lat' dir='ltr'>montes</span> <span class='ocrx_word' id='word_1_216' title='bbox 1834 2301 1897 2394; x_wconf 88' lang='lat' dir='ltr'>qui</span> <span class='ocrx_word' id='word_1_217' title='bbox 1909 2305 2019 2372; x_wconf 88' lang='lat' dir='ltr'>modo</span> <span class='ocrx_word' id='word_1_218' title='bbox 2036 2327 2167 2372; x_wconf 90' lang='lat' dir='ltr'>nomen</span> <span class='ocrx_word' id='word_1_219' title='bbox 2184 2299 2329 2375; x_wconf 85' lang='lat' dir='ltr'>habeut.</span> 
     </span>
     <span class='ocr_line' id='line_1_22' title="bbox 225 2395 1179 2498; baseline -0.01 -24"><span class='ocrx_word' id='word_1_220' title='bbox 225 2491 228 2498; x_wconf 89' lang='lat'>.</span> <span class='ocrx_word' id='word_1_221' title='bbox 292 2401 420 2475; x_wconf 90' lang='lat' dir='ltr'>lntima</span> <span class='ocrx_word' id='word_1_222' title='bbox 438 2401 532 2493; x_wconf 91' lang='lat' dir='ltr'>quod</span> <span class='ocrx_word' id='word_1_223' title='bbox 552 2422 659 2467; x_wconf 89' lang='lat' dir='ltr'>venas</span> <span class='ocrx_word' id='word_1_224' title='bbox 673 2395 828 2486; x_wconf 79' lang='lat' dir='ltr'>sparsisti</span> <span class='ocrx_word' id='word_1_225' title='bbox 846 2398 884 2463; x_wconf 93' lang='lat' dir='ltr'>in</span> <span class='ocrx_word' id='word_1_226' title='bbox 904 2396 1034 2464; x_wconf 88' lang='lat' dir='ltr'>viscera</span> <span class='ocrx_word' id='word_1_227' title='bbox 1054 2409 1179 2481; x_wconf 85' lang='lat' dir='ltr'>terrae,</span> 
     </span>
    </p>
   </div>
   <div class='ocr_carea' id='block_1_4' title="bbox 342 2497 1073 2587">
    <p class='ocr_par' dir='ltr' id='par_1_5' title="bbox 342 2497 1073 2587">
     <span class='ocr_line' id='line_1_23' title="bbox 342 2497 1073 2587; baseline -0.011 -10"><span class='ocrx_word' id='word_1_228' title='bbox 342 2504 474 2577; x_wconf 81' lang='lat' dir='ltr'>Usibus</span> <span class='ocrx_word' id='word_1_229' title='bbox 489 2515 529 2570; x_wconf 92' lang='lat' dir='ltr'>ut</span> <span class='ocrx_word' id='word_1_230' title='bbox 543 2499 675 2568; x_wconf 89' lang='lat' dir='ltr'>nostris</span> <span class='ocrx_word' id='word_1_231' title='bbox 690 2509 770 2587; x_wconf 88' lang='lat' dir='ltr'>apta</span> <span class='ocrx_word' id='word_1_232' title='bbox 787 2499 929 2568; x_wconf 86' lang='lat' dir='ltr'>metalla</span> <span class='ocrx_word' id='word_1_233' title='bbox 947 2497 1073 2569; x_wconf 86' lang='lat' dir='ltr'>serant.</span> 
     </span>
    </p>
   </div>
   <div class='ocr_carea' id='block_1_5' title="bbox 290 2549 2327 2798">
    <p class='ocr_par' dir='ltr' id='par_1_6' title="bbox 290 2549 2327 2798">
     <span class='ocr_line' id='line_1_24' title="bbox 290 2549 2327 2714; baseline -0.014 -36"><span class='ocrx_word' id='word_1_234' title='bbox 290 2603 499 2678; x_wconf 78' lang='lat' dir='ltr'>Lacteaubi</span> <span class='ocrx_word' id='word_1_235' title='bbox 517 2601 625 2670; x_wconf 84' lang='lat' dir='ltr'>fumis</span> <span class='ocrx_word' id='word_1_236' title='bbox 641 2595 859 2692; x_wconf 80' lang='lat' dir='ltr'>hydrargyro</span> <span class='ocrx_word' id='word_1_237' title='bbox 876 2598 984 2666; x_wconf 83' lang='lat' dir='ltr'>mixta</span> <span class='ocrx_word' id='word_1_238' title='bbox 998 2611 1202 2689; x_wconf 87' lang='lat' dir='ltr'>coquuntur</span> <span class='ocrx_word' id='word_1_239' title='bbox 1359 2629 1424 2702; x_wconf 44' lang='lat' dir='ltr'>No·</span> <span class='ocrx_word' id='word_1_240' title='bbox 1446 2629 1534 2704; x_wconf 47' lang='lat'><strong>259·</strong></span> <span class='ocrx_word' id='word_1_241' title='bbox 1853 2549 1856 2559; x_wconf 37' lang='grc' dir='ltr'>Ι</span> <span class='ocrx_word' id='word_1_242' title='bbox 2170 2665 2217 2708; x_wconf 37' lang='grc' dir='ltr'>ω.</span> <span class='ocrx_word' id='word_1_243' title='bbox 2230 2647 2327 2714; x_wconf 53' lang='lat'>¹532</span> 
     </span>
     <span class='ocr_line' id='line_1_25' title="bbox 341 2700 2314 2798; baseline -0.016 -19"><span class='ocrx_word' id='word_1_244' title='bbox 341 2703 570 2798; x_wconf 78' lang='lat' dir='ltr'>sulphureis,</span> <span class='ocrx_word' id='word_1_245' title='bbox 596 2703 706 2770; x_wconf 88' lang='lat' dir='ltr'>fibrae</span> <span class='ocrx_word' id='word_1_246' title='bbox 720 2702 853 2769; x_wconf 90' lang='lat' dir='ltr'>semina</span> <span class='ocrx_word' id='word_1_247' title='bbox 872 2700 983 2789; x_wconf 90' lang='lat' dir='ltr'>prima</span> <span class='ocrx_word' id='word_1_248' title='bbox 1003 2723 1127 2768; x_wconf 85' lang='lat' dir='ltr'>novae.</span> <span class='ocrx_word' id='word_1_249' title='bbox 1344 2728 1558 2762; x_wconf 45' lang='lat' dir='ltr'>aas..</span> <span class='ocrx_word' id='word_1_250' title='bbox 2182 2735 2314 2766; x_wconf 63' lang='lat' dir='ltr'>..m-</span> 
     </span>
    </p>
   </div>
   <div class='ocr_carea' id='block_1_6' title="bbox 259 2802 2328 4322">
    <p class='ocr_par' dir='ltr' id='par_1_7' title="bbox 259 2802 2328 4322">
     <span class='ocr_line' id='line_1_26' title="bbox 288 2802 2328 2914; baseline 0.005 -33"><span class='ocrx_word' id='word_1_251' title='bbox 288 2808 454 2902; x_wconf 89' lang='lat' dir='ltr'>Dantqne</span> <span class='ocrx_word' id='word_1_252' title='bbox 471 2805 557 2874; x_wconf 91' lang='lat' dir='ltr'>alias</span> <span class='ocrx_word' id='word_1_253' title='bbox 572 2806 704 2873; x_wconf 81' lang='lat' dir='ltr'>formas</span> <span class='ocrx_word' id='word_1_254' title='bbox 719 2802 879 2872; x_wconf 88' lang='lat' dir='ltr'>coelestia</span> <span class='ocrx_word' id='word_1_255' title='bbox 899 2802 1032 2869; x_wconf 92' lang='lat' dir='ltr'>lumina</span> <span class='ocrx_word' id='word_1_256' title='bbox 1048 2802 1182 2882; x_wconf 89' lang='lat' dir='ltr'>massis,</span> <span class='ocrx_word' id='word_1_257' title='bbox 1206 2807 1210 2819; x_wconf 90' lang='lat'><em>&#39;</em></span> <span class='ocrx_word' id='word_1_258' title='bbox 1400 2813 1480 2904; x_wconf 69' lang='lat' dir='ltr'>aput</span> <span class='ocrx_word' id='word_1_259' title='bbox 1497 2830 1620 2894; x_wconf 58' lang='lat' dir='ltr'>vincens,</span> <span class='ocrx_word' id='word_1_260' title='bbox 1636 2849 1661 2902; x_wconf 65' lang='grc' dir='ltr'>ρ.</span> <span class='ocrx_word' id='word_1_261' title='bbox 1678 2833 1827 2902; x_wconf 72' lang='lat' dir='ltr'>stosq.·-</span> <span class='ocrx_word' id='word_1_262' title='bbox 1863 2831 1925 2885; x_wconf 80' lang='lat' dir='ltr'>vit.</span> <span class='ocrx_word' id='word_1_263' title='bbox 1942 2851 2009 2902; x_wconf 75' lang='lat' dir='ltr'>quse</span> <span class='ocrx_word' id='word_1_264' title='bbox 2024 2836 2058 2890; x_wconf 72' lang='lat' dir='ltr'>te</span> <span class='ocrx_word' id='word_1_265' title='bbox 2071 2837 2181 2893; x_wconf 74' lang='lat' dir='ltr'>tasso·</span> <span class='ocrx_word' id='word_1_266' title='bbox 2196 2839 2328 2914; x_wconf 73' lang='lat' dir='ltr'>Philippu</span> 
     </span>
     <span class='ocr_line' id='line_1_27' title="bbox 259 2898 2165 2998; baseline -0.009 -15"><span class='ocrx_word' id='word_1_267' title='bbox 259 2901 293 2951; x_wconf 76' lang='grc'><em>”</em></span> <span class='ocrx_word' id='word_1_268' title='bbox 339 2909 387 2982; x_wconf 82' lang='lat' dir='ltr'>Et</span> <span class='ocrx_word' id='word_1_269' title='bbox 400 2929 509 2998; x_wconf 87' lang='lat' dir='ltr'>vagus</span> <span class='ocrx_word' id='word_1_270' title='bbox 527 2907 564 2974; x_wconf 93' lang='lat' dir='ltr'>in</span> <span class='ocrx_word' id='word_1_271' title='bbox 582 2903 686 2975; x_wconf 91' lang='lat' dir='ltr'>terris</span> <span class='ocrx_word' id='word_1_272' title='bbox 701 2898 769 2973; x_wconf 86' lang='lat' dir='ltr'>hoc</span> <span class='ocrx_word' id='word_1_273' title='bbox 785 2905 883 2973; x_wconf 86' lang='lat' dir='ltr'>iuvat</span> <span class='ocrx_word' id='word_1_274' title='bbox 898 2902 989 2990; x_wconf 92' lang='lat' dir='ltr'>ignis</span> <span class='ocrx_word' id='word_1_275' title='bbox 1002 2925 1101 2990; x_wconf 91' lang='lat' dir='ltr'>opus.</span> <span class='ocrx_word' id='word_1_276' title='bbox 1267 2943 1271 2949; x_wconf 89' lang='lat'><em>-</em></span> <span class='ocrx_word' id='word_1_277' title='bbox 1401 2901 1597 2980; x_wconf 19' lang='lat' dir='ltr'>*Melanthos</span> <span class='ocrx_word' id='word_1_278' title='bbox 1611 2899 1719 2974; x_wconf 70' lang='lat' dir='ltr'>scrip-is</span> <span class='ocrx_word' id='word_1_279' title='bbox 1733 2901 1761 2954; x_wconf 81' lang='lat' dir='ltr'>in</span> <span class='ocrx_word' id='word_1_280' title='bbox 1775 2901 1895 2972; x_wconf 71' lang='lat' dir='ltr'>epistolis</span> <span class='ocrx_word' id='word_1_281' title='bbox 1910 2902 1972 2962; x_wconf 84' lang='lat' dir='ltr'>Vol.</span> <span class='ocrx_word' id='word_1_282' title='bbox 1987 2905 2046 2966; x_wconf 82' lang='lat' dir='ltr'>vit.</span> <span class='ocrx_word' id='word_1_283' title='bbox 2063 2927 2090 2978; x_wconf 83' lang='lat' dir='ltr'>p.</span> <span class='ocrx_word' id='word_1_284' title='bbox 2101 2907 2165 2966; x_wconf 69' lang='lat'><strong>962.</strong></span> 
     </span>
     <span class='ocr_line' id='line_1_28' title="bbox 289 3002 1117 3098; baseline -0.016 -11"><span class='ocrx_word' id='word_1_285' title='bbox 289 3015 359 3089; x_wconf 87' lang='lat' dir='ltr'>Sed</span> <span class='ocrx_word' id='word_1_286' title='bbox 378 3013 461 3081; x_wconf 89' lang='lat' dir='ltr'>satis</span> <span class='ocrx_word' id='word_1_287' title='bbox 476 3007 576 3076; x_wconf 87' lang='lat' dir='ltr'>ellari</span> <span class='ocrx_word' id='word_1_288' title='bbox 593 3017 697 3098; x_wconf 88' lang='lat' dir='ltr'>queat</span> <span class='ocrx_word' id='word_1_289' title='bbox 711 3002 797 3074; x_wconf 89' lang='lat' dir='ltr'>haec</span> <span class='ocrx_word' id='word_1_290' title='bbox 813 3005 981 3073; x_wconf 88' lang='lat' dir='ltr'>miracula</span> <span class='ocrx_word' id='word_1_291' title='bbox 1000 3027 1117 3087; x_wconf 84' lang='lat' dir='ltr'>nemo,</span> 
     </span>
     <span class='ocr_line' id='line_1_29' title="bbox 340 3103 1177 3189; baseline -0.014 -4"><span class='ocrx_word' id='word_1_292' title='bbox 340 3113 419 3184; x_wconf 89' lang='lat' dir='ltr'>Hoc</span> <span class='ocrx_word' id='word_1_293' title='bbox 432 3123 566 3182; x_wconf 91' lang='lat' dir='ltr'>certum</span> <span class='ocrx_word' id='word_1_294' title='bbox 584 3120 653 3189; x_wconf 91' lang='lat' dir='ltr'>est,</span> <span class='ocrx_word' id='word_1_295' title='bbox 680 3106 777 3175; x_wconf 90' lang='lat' dir='ltr'>nasci</span> <span class='ocrx_word' id='word_1_296' title='bbox 790 3119 915 3175; x_wconf 90' lang='lat' dir='ltr'>cuncta</span> <span class='ocrx_word' id='word_1_297' title='bbox 932 3107 1073 3173; x_wconf 84' lang='lat' dir='ltr'>fovente</span> <span class='ocrx_word' id='word_1_298' title='bbox 1087 3103 1177 3181; x_wconf 83' lang='lat' dir='ltr'>Deo.</span> 
     </span>
     <span class='ocr_line' id='line_1_30' title="bbox 288 3204 1178 3300; baseline -0.012 -13"><span class='ocrx_word' id='word_1_299' title='bbox 288 3217 353 3292; x_wconf 87' lang='lat' dir='ltr'>Vis</span> <span class='ocrx_word' id='word_1_300' title='bbox 369 3215 475 3285; x_wconf 85' lang='lat' dir='ltr'>etiam</span> <span class='ocrx_word' id='word_1_301' title='bbox 489 3221 611 3278; x_wconf 89' lang='lat' dir='ltr'>nostro</span> <span class='ocrx_word' id='word_1_302' title='bbox 626 3210 747 3300; x_wconf 87' lang='lat' dir='ltr'>quaeri</span> <span class='ocrx_word' id='word_1_303' title='bbox 760 3204 844 3275; x_wconf 88' lang='lat' dir='ltr'>haec</span> <span class='ocrx_word' id='word_1_304' title='bbox 855 3220 920 3275; x_wconf 90' lang='lat' dir='ltr'>tua</span> <span class='ocrx_word' id='word_1_305' title='bbox 935 3208 1029 3274; x_wconf 92' lang='lat' dir='ltr'>dona</span> <span class='ocrx_word' id='word_1_306' title='bbox 1044 3205 1178 3293; x_wconf 88' lang='lat' dir='ltr'>labore,</span> 
     </span>
     <span class='ocr_line' id='line_1_31' title="bbox 340 3291 2278 3407; baseline -0.008 -20"><span class='ocrx_word' id='word_1_307' title='bbox 340 3313 534 3407; x_wconf 80' lang='lat' dir='ltr'>Legitimos</span> <span class='ocrx_word' id='word_1_308' title='bbox 551 3331 636 3378; x_wconf 91' lang='lat' dir='ltr'>usus</span> <span class='ocrx_word' id='word_1_309' title='bbox 651 3323 685 3378; x_wconf 93' lang='lat' dir='ltr'>et</span> <span class='ocrx_word' id='word_1_310' title='bbox 697 3324 759 3380; x_wconf 93' lang='lat' dir='ltr'>tua</span> <span class='ocrx_word' id='word_1_311' title='bbox 776 3308 868 3376; x_wconf 85' lang='lat' dir='ltr'>dicta</span> <span class='ocrx_word' id='word_1_312' title='bbox 885 3308 1023 3376; x_wconf 84' lang='lat' dir='ltr'>docent.</span> <span class='ocrx_word' id='word_1_313' title='bbox 1334 3291 1374 3361; x_wconf 78' lang='lat'>1¹¹</span> <span class='ocrx_word' id='word_1_314' title='bbox 1391 3291 1579 3362; x_wconf 65' lang='lat' dir='ltr'>Macellum</span> <span class='ocrx_word' id='word_1_315' title='bbox 1596 3291 1737 3382; x_wconf 71' lang='lat' dir='ltr'>populis</span> <span class='ocrx_word' id='word_1_316' title='bbox 1752 3291 1947 3370; x_wconf 66' lang='lat' dir='ltr'>clarissima</span> <span class='ocrx_word' id='word_1_317' title='bbox 1964 3318 2072 3388; x_wconf 79' lang='lat' dir='ltr'>regna</span> <span class='ocrx_word' id='word_1_318' title='bbox 2090 3299 2278 3386; x_wconf 87' lang='lat' dir='ltr'>tenebunt,</span> 
     </span>
     <span class='ocr_line' id='line_1_32' title="bbox 289 3393 2328 3504; baseline -0.006 -13"><span class='ocrx_word' id='word_1_319' title='bbox 289 3415 474 3494; x_wconf 88' lang='lat' dir='ltr'>Mandasti</span> <span class='ocrx_word' id='word_1_320' title='bbox 487 3412 667 3504; x_wconf 89' lang='lat' dir='ltr'>quondam</span> <span class='ocrx_word' id='word_1_321' title='bbox 682 3411 777 3478; x_wconf 84' lang='lat' dir='ltr'>lieret</span> <span class='ocrx_word' id='word_1_322' title='bbox 795 3409 861 3478; x_wconf 90' lang='lat' dir='ltr'>tibi</span> <span class='ocrx_word' id='word_1_323' title='bbox 879 3421 919 3478; x_wconf 94' lang='lat' dir='ltr'>ut</span> <span class='ocrx_word' id='word_1_324' title='bbox 931 3431 1035 3476; x_wconf 86' lang='lat' dir='ltr'>aurea</span> <span class='ocrx_word' id='word_1_325' title='bbox 1053 3410 1153 3478; x_wconf 90' lang='lat' dir='ltr'>sedes</span> <span class='ocrx_word' id='word_1_326' title='bbox 1333 3395 1464 3483; x_wconf 63' lang='lat' dir='ltr'>Altivfl</span> <span class='ocrx_word' id='word_1_327' title='bbox 1489 3395 1533 3461; x_wconf 63' lang='lat' dir='ltr'>de</span> <span class='ocrx_word' id='word_1_328' title='bbox 1554 3393 1684 3484; x_wconf 66' lang='grc' dir='ltr'>δῑῑῐΡθ,</span> <span class='ocrx_word' id='word_1_329' title='bbox 1709 3394 1865 3476; x_wconf 73' lang='lat' dir='ltr'>bonum,</span> <span class='ocrx_word' id='word_1_330' title='bbox 1891 3399 2133 3492; x_wconf 64' lang='lat' dir='ltr'>damnumque</span> <span class='ocrx_word' id='word_1_331' title='bbox 2155 3395 2328 3496; x_wconf 85' lang='lat' dir='ltr'>Philippi.</span> 
     </span>
     <span class='ocr_line' id='line_1_33' title="bbox 344 3493 2278 3602; baseline -0.011 -9"><span class='ocrx_word' id='word_1_332' title='bbox 344 3523 440 3592; x_wconf 92' lang='lat' dir='ltr'>lntra</span> <span class='ocrx_word' id='word_1_333' title='bbox 459 3513 595 3588; x_wconf 86' lang='lat' dir='ltr'>aditum</span> <span class='ocrx_word' id='word_1_334' title='bbox 611 3511 733 3602; x_wconf 90' lang='lat' dir='ltr'>templi</span> <span class='ocrx_word' id='word_1_335' title='bbox 751 3511 916 3579; x_wconf 83' lang='lat' dir='ltr'>eonditor</span> <span class='ocrx_word' id='word_1_336' title='bbox 929 3509 1021 3579; x_wconf 75' lang='lat' dir='ltr'>alme</span> <span class='ocrx_word' id='word_1_337' title='bbox 1035 3511 1101 3583; x_wconf 77' lang='lat' dir='ltr'>sui,</span> <span class='ocrx_word' id='word_1_338' title='bbox 1265 3508 1269 3560; x_wconf 77' lang='grc' dir='ltr'>ἰ</span> <span class='ocrx_word' id='word_1_339' title='bbox 1331 3493 1469 3564; x_wconf 91' lang='lat' dir='ltr'>Horum</span> <span class='ocrx_word' id='word_1_340' title='bbox 1486 3495 1547 3586; x_wconf 91' lang='lat' dir='ltr'>qui</span> <span class='ocrx_word' id='word_1_341' title='bbox 1565 3495 1662 3583; x_wconf 89' lang='lat' dir='ltr'>prior</span> <span class='ocrx_word' id='word_1_342' title='bbox 1678 3508 1749 3577; x_wconf 78' lang='lat' dir='ltr'>est,</span> <span class='ocrx_word' id='word_1_343' title='bbox 1775 3511 1895 3584; x_wconf 89' lang='lat' dir='ltr'>gentes</span> <span class='ocrx_word' id='word_1_344' title='bbox 1910 3499 2087 3592; x_wconf 88' lang='lat' dir='ltr'>urbesque</span> <span class='ocrx_word' id='word_1_345' title='bbox 2103 3502 2278 3589; x_wconf 72' lang='lat' dir='ltr'>domabit,</span> 
     </span>
     <span class='ocr_line' id='line_1_34' title="bbox 290 3595 2232 3704; baseline -0.011 -8"><span class='ocrx_word' id='word_1_346' title='bbox 290 3624 427 3698; x_wconf 85' lang='lat' dir='ltr'>iussisti</span> <span class='ocrx_word' id='word_1_347' title='bbox 442 3622 544 3689; x_wconf 89' lang='lat' dir='ltr'>binas</span> <span class='ocrx_word' id='word_1_348' title='bbox 559 3615 692 3704; x_wconf 83' lang='lat' dir='ltr'>argenti</span> <span class='ocrx_word' id='word_1_349' title='bbox 711 3614 864 3703; x_wconf 89' lang='lat' dir='ltr'>pendere</span> <span class='ocrx_word' id='word_1_350' title='bbox 878 3606 1076 3696; x_wconf 85' lang='lat' dir='ltr'>drachmas,</span> <span class='ocrx_word' id='word_1_351' title='bbox 1107 3649 1111 3658; x_wconf 92' lang='lat'>·</span> <span class='ocrx_word' id='word_1_352' title='bbox 1331 3596 1402 3667; x_wconf 87' lang='lat' dir='ltr'>Sed</span> <span class='ocrx_word' id='word_1_353' title='bbox 1417 3598 1544 3665; x_wconf 89' lang='lat' dir='ltr'>veteris</span> <span class='ocrx_word' id='word_1_354' title='bbox 1560 3595 1661 3684; x_wconf 87' lang='lat' dir='ltr'>regni</span> <span class='ocrx_word' id='word_1_355' title='bbox 1677 3598 1801 3686; x_wconf 89' lang='lat' dir='ltr'>perdet</span> <span class='ocrx_word' id='word_1_356' title='bbox 1814 3599 1922 3666; x_wconf 82' lang='lat' dir='ltr'>decus</span> <span class='ocrx_word' id='word_1_357' title='bbox 1936 3623 2041 3670; x_wconf 88' lang='lat' dir='ltr'>omne</span> <span class='ocrx_word' id='word_1_358' title='bbox 2054 3605 2232 3674; x_wconf 90' lang='lat' dir='ltr'>secundus</span> 
     </span>
     <span class='ocr_line' id='line_1_35' title="bbox 342 3697 2250 3804; baseline -0.013 -5"><span class='ocrx_word' id='word_1_359' title='bbox 342 3725 389 3798; x_wconf 88' lang='lat' dir='ltr'>Ut</span> <span class='ocrx_word' id='word_1_360' title='bbox 404 3733 602 3794; x_wconf 86' lang='lat' dir='ltr'>servaretur</span> <span class='ocrx_word' id='word_1_361' title='bbox 620 3715 815 3804; x_wconf 78' lang='lat' dir='ltr'>relligionis</span> <span class='ocrx_word' id='word_1_362' title='bbox 831 3709 958 3781; x_wconf 84' lang='lat' dir='ltr'>honor.</span> <span class='ocrx_word' id='word_1_363' title='bbox 1331 3699 1363 3767; x_wconf 78' lang='grc' dir='ltr'><strong>Α</strong></span> <span class='ocrx_word' id='word_1_364' title='bbox 1380 3697 1519 3789; x_wconf 70' lang='lat' dir='ltr'>P⁰P¹¹il⁵</span> <span class='ocrx_word' id='word_1_365' title='bbox 1535 3698 1665 3781; x_wconf 63' lang='lat' dir='ltr'>litim»</span> <span class='ocrx_word' id='word_1_366' title='bbox 1690 3721 1779 3790; x_wconf 74' lang='lat'><strong>(1⁰⁰⁸</strong></span> <span class='ocrx_word' id='word_1_367' title='bbox 1793 3699 1934 3770; x_wconf 68' lang='lat' dir='ltr'>milleni</span> <span class='ocrx_word' id='word_1_368' title='bbox 1951 3725 2076 3793; x_wconf 75' lang='lat' dir='ltr'>vesper,</span> <span class='ocrx_word' id='word_1_369' title='bbox 2088 3717 2123 3773; x_wconf 84' lang='lat' dir='ltr'>et</span> <span class='ocrx_word' id='word_1_370' title='bbox 2137 3719 2250 3784; x_wconf 87' lang='lat' dir='ltr'>ortus.</span> 
     </span>
     <span class='ocr_line' id='line_1_36' title="bbox 288 3814 1210 3906; baseline -0.021 -6"><span class='ocrx_word' id='word_1_371' title='bbox 288 3823 337 3899; x_wconf 84' lang='lat' dir='ltr'>Et</span> <span class='ocrx_word' id='word_1_372' title='bbox 351 3829 481 3897; x_wconf 90' lang='lat' dir='ltr'>iustum</span> <span class='ocrx_word' id='word_1_373' title='bbox 497 3845 571 3890; x_wconf 89' lang='lat' dir='ltr'>esse</span> <span class='ocrx_word' id='word_1_374' title='bbox 586 3821 706 3900; x_wconf 84' lang='lat' dir='ltr'>doces,</span> <span class='ocrx_word' id='word_1_375' title='bbox 733 3839 797 3906; x_wconf 91' lang='lat' dir='ltr'>par</span> <span class='ocrx_word' id='word_1_376' title='bbox 810 3814 1048 3903; x_wconf 85' lang='lat' dir='ltr'>compensatio</span> <span class='ocrx_word' id='word_1_377' title='bbox 1064 3839 1145 3882; x_wconf 91' lang='lat' dir='ltr'>cum</span> <span class='ocrx_word' id='word_1_378' title='bbox 1158 3815 1210 3899; x_wconf 88' lang='lat' dir='ltr'>lit,</span> 
     </span>
     <span class='ocr_line' id='line_1_37' title="bbox 341 3915 1957 4014; baseline -0.019 -14"><span class='ocrx_word' id='word_1_379' title='bbox 341 3927 400 4000; x_wconf 89' lang='lat' dir='ltr'>Sic</span> <span class='ocrx_word' id='word_1_380' title='bbox 418 3926 471 3992; x_wconf 90' lang='lat' dir='ltr'>vis</span> <span class='ocrx_word' id='word_1_381' title='bbox 488 3947 551 4014; x_wconf 91' lang='lat' dir='ltr'>pro</span> <span class='ocrx_word' id='word_1_382' title='bbox 567 3932 682 3989; x_wconf 89' lang='lat' dir='ltr'>sumta</span> <span class='ocrx_word' id='word_1_383' title='bbox 700 3941 812 3985; x_wconf 88' lang='lat' dir='ltr'>merce</span> <span class='ocrx_word' id='word_1_384' title='bbox 831 3915 1004 3984; x_wconf 90' lang='lat' dir='ltr'>nomisma</span> <span class='ocrx_word' id='word_1_385' title='bbox 1021 3916 1112 3986; x_wconf 85' lang='lat' dir='ltr'>dari.</span> <span class='ocrx_word' id='word_1_386' title='bbox 1954 3988 1957 4000; x_wconf 27' lang='lat' dir='ltr'>y</span> 
     </span>
     <span class='ocr_line' id='line_1_38' title="bbox 290 4013 2314 4120; baseline -0.014 -22"><span class='ocrx_word' id='word_1_387' title='bbox 290 4027 449 4120; x_wconf 87' lang='lat' dir='ltr'>Cumque</span> <span class='ocrx_word' id='word_1_388' title='bbox 467 4025 594 4114; x_wconf 89' lang='lat' dir='ltr'>probas</span> <span class='ocrx_word' id='word_1_389' title='bbox 610 4041 734 4110; x_wconf 88' lang='lat' dir='ltr'>operas</span> <span class='ocrx_word' id='word_1_390' title='bbox 750 4021 942 4094; x_wconf 85' lang='lat' dir='ltr'>fossorum:</span> <span class='ocrx_word' id='word_1_391' title='bbox 968 4013 1125 4086; x_wconf 83' lang='lat' dir='ltr'>Ecclesia</span> <span class='ocrx_word' id='word_1_392' title='bbox 1142 4039 1245 4108; x_wconf 88' lang='lat' dir='ltr'>saepe</span> <span class='ocrx_word' id='word_1_393' title='bbox 1331 4027 1396 4098; x_wconf 76' lang='lat' dir='ltr'>No,</span> <span class='ocrx_word' id='word_1_394' title='bbox 1417 4031 1505 4102; x_wconf 64' lang='lat'>260,</span> <span class='ocrx_word' id='word_1_395' title='bbox 2150 4067 2199 4110; x_wconf 44' lang='lat' dir='ltr'>m·</span> <span class='ocrx_word' id='word_1_396' title='bbox 2217 4048 2314 4112; x_wconf 49' lang='lat'>1552·</span> 
     </span>
     <span class='ocr_line' id='line_1_39' title="bbox 340 4109 2319 4210; baseline -0.017 -13"><span class='ocrx_word' id='word_1_397' title='bbox 340 4127 408 4198; x_wconf 88' lang='lat' dir='ltr'>His</span> <span class='ocrx_word' id='word_1_398' title='bbox 426 4126 571 4194; x_wconf 89' lang='lat' dir='ltr'>collecta</span> <span class='ocrx_word' id='word_1_399' title='bbox 589 4121 676 4191; x_wconf 90' lang='lat' dir='ltr'>locis</span> <span class='ocrx_word' id='word_1_400' title='bbox 696 4121 784 4199; x_wconf 76' lang='lat' dir='ltr'>lida,</span> <span class='ocrx_word' id='word_1_401' title='bbox 812 4119 1023 4210; x_wconf 85' lang='lat' dir='ltr'>placensque</span> <span class='ocrx_word' id='word_1_402' title='bbox 1049 4119 1114 4190; x_wconf 88' lang='lat' dir='ltr'>tibi</span> <span class='ocrx_word' id='word_1_403' title='bbox 1130 4133 1191 4190; x_wconf 87' lang='lat' dir='ltr'>est.</span> <span class='ocrx_word' id='word_1_404' title='bbox 1254 4109 1257 4119; x_wconf 70' lang='grc'><strong>’</strong></span> <span class='ocrx_word' id='word_1_405' title='bbox 1339 4125 1511 4158; x_wconf 52' lang='lat' dir='ltr'>ww</span> <span class='ocrx_word' id='word_1_406' title='bbox 2144 4137 2319 4164; x_wconf 53' lang='lat' dir='ltr'>w„</span> 
     </span>
     <span class='ocr_line' id='line_1_40' title="bbox 290 4216 2309 4322; baseline -0.005 -24"><span class='ocrx_word' id='word_1_407' title='bbox 290 4227 495 4322; x_wconf 88' lang='lat' dir='ltr'>Strymonia</span> <span class='ocrx_word' id='word_1_408' title='bbox 514 4223 634 4306; x_wconf 84' lang='lat' dir='ltr'>docuit</span> <span class='ocrx_word' id='word_1_409' title='bbox 649 4245 730 4288; x_wconf 84' lang='lat' dir='ltr'>nam</span> <span class='ocrx_word' id='word_1_410' title='bbox 750 4218 882 4288; x_wconf 85' lang='lat' dir='ltr'>Paulus</span> <span class='ocrx_word' id='word_1_411' title='bbox 904 4219 942 4287; x_wconf 94' lang='lat' dir='ltr'>in</span> <span class='ocrx_word' id='word_1_412' title='bbox 959 4220 1047 4288; x_wconf 83' lang='lat' dir='ltr'>urhe</span> <span class='ocrx_word' id='word_1_413' title='bbox 1063 4216 1250 4313; x_wconf 88' lang='lat' dir='ltr'>Philippis,</span> <span class='ocrx_word' id='word_1_414' title='bbox 1340 4247 1343 4254; x_wconf 60' lang='grc'><em>’</em></span> <span class='ocrx_word' id='word_1_415' title='bbox 1399 4229 1623 4302; x_wconf 63' lang='lat' dir='ltr'>sparvus-ns.</span> <span class='ocrx_word' id='word_1_416' title='bbox 1637 4249 1663 4302; x_wconf 84' lang='lat' dir='ltr'>p.</span> <span class='ocrx_word' id='word_1_417' title='bbox 1674 4231 1776 4302; x_wconf 77' lang='lat' dir='ltr'>sssqq.</span> <span class='ocrx_word' id='word_1_418' title='bbox 1791 4239 1817 4284; x_wconf 77' lang='lat' dir='ltr'>es</span> <span class='ocrx_word' id='word_1_419' title='bbox 1828 4229 1859 4318; x_wconf 82' lang='lat' dir='ltr'>in</span> <span class='ocrx_word' id='word_1_420' title='bbox 1871 4229 1986 4306; x_wconf 62' lang='lat' dir='ltr'>scriptis</span> <span class='ocrx_word' id='word_1_421' title='bbox 2000 4233 2076 4305; x_wconf 79' lang='lat' dir='ltr'>publ.</span> <span class='ocrx_word' id='word_1_422' title='bbox 2091 4235 2124 4296; x_wconf 87' lang='lat' dir='ltr'>T.</span> <span class='ocrx_word' id='word_1_423' title='bbox 2136 4237 2160 4322; x_wconf 77' lang='lat' dir='ltr'>t.</span> <span class='ocrx_word' id='word_1_424' title='bbox 2176 4257 2204 4312; x_wconf 75' lang='lat' dir='ltr'>p.</span> <span class='ocrx_word' id='word_1_425' title='bbox 2215 4240 2272 4293; x_wconf 75' lang='lat' dir='ltr'>ssa</span> <span class='ocrx_word' id='word_1_426' title='bbox 2283 4241 2309 4294; x_wconf 82' lang='lat' dir='ltr'>s.</span> 
     </span>
    </p>
   </div>
   <div class='ocr_carea' id='block_1_7' title="bbox 288 4323 2325 4522">
    <p class='ocr_par' dir='ltr' id='par_1_8' title="bbox 288 4323 2325 4522">
     <span class='ocr_line' id='line_1_41' title="bbox 288 4323 2325 4522; baseline -0.024 -13"><span class='ocrx_word' id='word_1_427' title='bbox 288 4323 1104 4522; x_wconf 55' lang='lat' dir='ltr'>„lillisutitisstatilius,</span> <span class='ocrx_word' id='word_1_428' title='bbox 1329 4373 1391 4444; x_wconf 73' lang='lat'>⁰0</span> <span class='ocrx_word' id='word_1_429' title='bbox 1418 4371 1552 4466; x_wconf 63' lang='lat' dir='ltr'>ono</span> <span class='ocrx_word' id='word_1_430' title='bbox 1581 4379 1725 4470; x_wconf 73' lang='lat' dir='ltr'>roua,</span> <span class='ocrx_word' id='word_1_431' title='bbox 1754 4395 1854 4467; x_wconf 69' lang='lat' dir='ltr'>uae</span> <span class='ocrx_word' id='word_1_432' title='bbox 1882 4380 1923 4448; x_wconf 72' lang='lat' dir='ltr'>a</span> <span class='ocrx_word' id='word_1_433' title='bbox 1952 4375 2094 4452; x_wconf 73' lang='lat' dir='ltr'>uus</span> <span class='ocrx_word' id='word_1_434' title='bbox 2114 4385 2325 4462; x_wconf 55' lang='lat' dir='ltr'>reare-m.-</span> 
     </span>
    </p>
   </div>
   <div class='ocr_carea' id='block_1_8' title="bbox 341 4480 2081 4606">
    <p class='ocr_par' dir='ltr' id='par_1_9' title="bbox 341 4480 2081 4606">
     <span class='ocr_line' id='line_1_42' title="bbox 341 4480 2081 4606; baseline -0.02 0"><span class='ocrx_word' id='word_1_435' title='bbox 341 4533 435 4606; x_wconf 90' lang='lat' dir='ltr'>Urbs</span> <span class='ocrx_word' id='word_1_436' title='bbox 450 4532 499 4599; x_wconf 92' lang='lat' dir='ltr'>ibi</span> <span class='ocrx_word' id='word_1_437' title='bbox 515 4551 597 4597; x_wconf 91' lang='lat' dir='ltr'>nam</span> <span class='ocrx_word' id='word_1_438' title='bbox 614 4523 725 4594; x_wconf 88' lang='lat' dir='ltr'>Datus</span> <span class='ocrx_word' id='word_1_439' title='bbox 742 4548 813 4593; x_wconf 91' lang='lat' dir='ltr'>non</span> <span class='ocrx_word' id='word_1_440' title='bbox 831 4525 949 4592; x_wconf 92' lang='lat' dir='ltr'>minor</span> <span class='ocrx_word' id='word_1_441' title='bbox 963 4537 1043 4594; x_wconf 89' lang='lat' dir='ltr'>ante</span> <span class='ocrx_word' id='word_1_442' title='bbox 1059 4525 1136 4598; x_wconf 87' lang='lat' dir='ltr'>luit.</span> <span class='ocrx_word' id='word_1_443' title='bbox 1561 4480 1806 4548; x_wconf 50' lang='lat' dir='ltr'>‘mmmm&#39;</span> <span class='ocrx_word' id='word_1_444' title='bbox 1822 4499 1903 4548; x_wconf 73' lang='lat'>⁰⁸⁸⁰</span> <span class='ocrx_word' id='word_1_445' title='bbox 1916 4480 2081 4576; x_wconf 50' lang='lat' dir='ltr'>’‘¹¹9⁸“ss</span> 
     </span>
    </p>
   </div>
   <div class='ocr_carea' id='block_1_9' title="bbox 290 4623 2248 5027">
    <p class='ocr_par' dir='ltr' id='par_1_10' title="bbox 290 4623 2248 4828">
     <span class='ocr_line' id='line_1_43' title="bbox 290 4623 2248 4730; baseline -0.004 -22"><span class='ocrx_word' id='word_1_446' title='bbox 290 4636 360 4708; x_wconf 89' lang='lat' dir='ltr'>Sed</span> <span class='ocrx_word' id='word_1_447' title='bbox 378 4633 470 4725; x_wconf 90' lang='lat' dir='ltr'>cepit</span> <span class='ocrx_word' id='word_1_448' title='bbox 484 4629 586 4701; x_wconf 88' lang='lat' dir='ltr'>Pauli</span> <span class='ocrx_word' id='word_1_449' title='bbox 603 4627 762 4697; x_wconf 89' lang='lat' dir='ltr'>doctrina</span> <span class='ocrx_word' id='word_1_450' title='bbox 780 4627 889 4695; x_wconf 87' lang='lat' dir='ltr'>ditior</span> <span class='ocrx_word' id='word_1_451' title='bbox 909 4647 993 4709; x_wconf 87' lang='lat' dir='ltr'>esse,</span> <span class='ocrx_word' id='word_1_452' title='bbox 1186 4659 1189 4666; x_wconf 94' lang='lat'><em>·</em></span> <span class='ocrx_word' id='word_1_453' title='bbox 1331 4623 1425 4696; x_wconf 87' lang='lat' dir='ltr'>Urbs</span> <span class='ocrx_word' id='word_1_454' title='bbox 1439 4641 1539 4698; x_wconf 86' lang='lat' dir='ltr'>vetus</span> <span class='ocrx_word' id='word_1_455' title='bbox 1557 4641 1608 4698; x_wconf 87' lang='lat' dir='ltr'>est</span> <span class='ocrx_word' id='word_1_456' title='bbox 1622 4629 1741 4718; x_wconf 87' lang='lat' dir='ltr'>gentis</span> <span class='ocrx_word' id='word_1_457' title='bbox 1753 4627 1939 4724; x_wconf 89' lang='lat' dir='ltr'>Mysorum</span> <span class='ocrx_word' id='word_1_458' title='bbox 1954 4633 2101 4703; x_wconf 85' lang='lat' dir='ltr'>nomine</span> <span class='ocrx_word' id='word_1_459' title='bbox 2115 4633 2248 4730; x_wconf 67' lang='lat' dir='ltr'>Targa,</span> 
     </span>
     <span class='ocr_line' id='line_1_44' title="bbox 341 4723 2118 4828; baseline 0 -23"><span class='ocrx_word' id='word_1_460' title='bbox 341 4735 412 4824; x_wconf 85' lang='lat' dir='ltr'>Qui</span> <span class='ocrx_word' id='word_1_461' title='bbox 432 4733 554 4826; x_wconf 94' lang='lat' dir='ltr'>populi</span> <span class='ocrx_word' id='word_1_462' title='bbox 571 4753 687 4799; x_wconf 89' lang='lat' dir='ltr'>mores</span> <span class='ocrx_word' id='word_1_463' title='bbox 703 4728 900 4819; x_wconf 88' lang='lat' dir='ltr'>praedicat,</span> <span class='ocrx_word' id='word_1_464' title='bbox 924 4741 1029 4819; x_wconf 85' lang='lat' dir='ltr'>atque</span> <span class='ocrx_word' id='word_1_465' title='bbox 1047 4726 1163 4800; x_wconf 85' lang='lat' dir='ltr'>fidem.</span> <span class='ocrx_word' id='word_1_466' title='bbox 1271 4804 1274 4816; x_wconf 35' lang='grc' dir='ltr'>Ι</span> <span class='ocrx_word' id='word_1_467' title='bbox 1377 4725 1447 4796; x_wconf 84' lang='grc' dir='ltr'>Ηίε</span> <span class='ocrx_word' id='word_1_468' title='bbox 1461 4729 1526 4798; x_wconf 91' lang='lat' dir='ltr'>sita</span> <span class='ocrx_word' id='word_1_469' title='bbox 1542 4731 1605 4798; x_wconf 88' lang='lat' dir='ltr'>ubi</span> <span class='ocrx_word' id='word_1_470' title='bbox 1619 4731 1721 4800; x_wconf 87' lang='lat' dir='ltr'>llavis</span> <span class='ocrx_word' id='word_1_471' title='bbox 1738 4731 1873 4801; x_wconf 89' lang='lat' dir='ltr'>labitur</span> <span class='ocrx_word' id='word_1_472' title='bbox 1886 4723 1991 4802; x_wconf 77' lang='lat' dir='ltr'>lllbis</span> <span class='ocrx_word' id='word_1_473' title='bbox 2006 4735 2118 4828; x_wconf 90' lang='lat' dir='ltr'>aquis.</span> 
     </span>
    </p>

    <p class='ocr_par' dir='ltr' id='par_1_11' title="bbox 290 4825 2219 5027">
     <span class='ocr_line' id='line_1_45' title="bbox 290 4825 2206 4928; baseline 0.002 -22"><span class='ocrx_word' id='word_1_474' title='bbox 290 4836 384 4909; x_wconf 85' lang='lat' dir='ltr'>Exul</span> <span class='ocrx_word' id='word_1_475' title='bbox 400 4837 462 4904; x_wconf 89' lang='lat' dir='ltr'>uhi</span> <span class='ocrx_word' id='word_1_476' title='bbox 480 4837 607 4904; x_wconf 89' lang='lat' dir='ltr'>viduae</span> <span class='ocrx_word' id='word_1_477' title='bbox 631 4831 758 4919; x_wconf 90' lang='lat' dir='ltr'>pietate</span> <span class='ocrx_word' id='word_1_478' title='bbox 780 4843 943 4920; x_wconf 84' lang='lat' dir='ltr'>exceptus</span> <span class='ocrx_word' id='word_1_479' title='bbox 959 4825 1056 4898; x_wconf 81' lang='lat' dir='ltr'>Elias</span> <span class='ocrx_word' id='word_1_480' title='bbox 1330 4827 1432 4916; x_wconf 89' lang='lat' dir='ltr'>Quae</span> <span class='ocrx_word' id='word_1_481' title='bbox 1446 4830 1558 4906; x_wconf 85' lang='lat' dir='ltr'>fausta</span> <span class='ocrx_word' id='word_1_482' title='bbox 1573 4835 1756 4926; x_wconf 88' lang='lat' dir='ltr'>qnondam</span> <span class='ocrx_word' id='word_1_483' title='bbox 1773 4833 1868 4904; x_wconf 85' lang='lat' dir='ltr'>dicta</span> <span class='ocrx_word' id='word_1_484' title='bbox 1881 4847 1934 4904; x_wconf 90' lang='lat' dir='ltr'>est</span> <span class='ocrx_word' id='word_1_485' title='bbox 1950 4832 2095 4924; x_wconf 83' lang='lat' dir='ltr'>Argelia</span> <span class='ocrx_word' id='word_1_486' title='bbox 2108 4859 2206 4928; x_wconf 83' lang='lat' dir='ltr'>vnce,</span> 
     </span>
     <span class='ocr_line' id='line_1_46' title="bbox 342 4927 2219 5027; baseline -0.003 -19"><span class='ocrx_word' id='word_1_487' title='bbox 342 4937 489 5008; x_wconf 89' lang='lat' dir='ltr'>Sidonia</span> <span class='ocrx_word' id='word_1_488' title='bbox 509 4935 689 5027; x_wconf 91' lang='lat' dir='ltr'>quondam</span> <span class='ocrx_word' id='word_1_489' title='bbox 704 4957 777 5001; x_wconf 93' lang='lat' dir='ltr'>non</span> <span class='ocrx_word' id='word_1_490' title='bbox 791 4931 912 5022; x_wconf 88' lang='lat' dir='ltr'>procul</span> <span class='ocrx_word' id='word_1_491' title='bbox 931 4931 1018 4998; x_wconf 90' lang='lat' dir='ltr'>urbe</span> <span class='ocrx_word' id='word_1_492' title='bbox 1032 4928 1111 5002; x_wconf 86' lang='lat' dir='ltr'>init.</span> <span class='ocrx_word' id='word_1_493' title='bbox 1382 4927 1424 4999; x_wconf 92' lang='lat' dir='ltr'>ln</span> <span class='ocrx_word' id='word_1_494' title='bbox 1438 4933 1570 5003; x_wconf 88' lang='lat' dir='ltr'>tabulis</span> <span class='ocrx_word' id='word_1_495' title='bbox 1583 4949 1741 5004; x_wconf 86' lang='lat' dir='ltr'>veterum</span> <span class='ocrx_word' id='word_1_496' title='bbox 1754 4957 1820 5006; x_wconf 88' lang='lat' dir='ltr'>ceu</span> <span class='ocrx_word' id='word_1_497' title='bbox 1832 4955 2061 5015; x_wconf 81' lang='lat' dir='ltr'>monumenta</span> <span class='ocrx_word' id='word_1_498' title='bbox 2078 4940 2219 5012; x_wconf 77' lang='lat' dir='ltr'>docens.</span> 
     </span>
    </p>
   </div>
   <div class='ocr_carea' id='block_1_10' title="bbox 499 910 995 987">
    <p class='ocr_par' dir='ltr' id='par_1_12' title="bbox 499 910 995 987">
     <span class='ocr_line' id='line_1_47' title="bbox 499 910 995 987; baseline -0.004 -3"><span class='ocrx_word' id='word_1_499' title='bbox 499 977 502 984; x_wconf 86' lang='lat'><em>.</em></span> <span class='ocrx_word' id='word_1_500' title='bbox 582 917 645 987; x_wconf 86' lang='lat' dir='ltr'>De</span> <span class='ocrx_word' id='word_1_501' title='bbox 659 917 766 986; x_wconf 81' lang='lat' dir='ltr'>venis</span> <span class='ocrx_word' id='word_1_502' title='bbox 780 910 995 983; x_wconf 79' lang='lat' dir='ltr'>metallicis.</span> 
     </span>
    </p>
   </div>
   <div class='ocr_carea' id='block_1_11' title="bbox 1333 3038 2329 3268">
    <p class='ocr_par' dir='ltr' id='par_1_13' title="bbox 1333 3038 2329 3268">
     <span class='ocr_line' id='line_1_48' title="bbox 1333 3038 2329 3136; baseline 0.01 -24"><span class='ocrx_word' id='word_1_503' title='bbox 1333 3043 1534 3114; x_wconf 81' lang='lat' dir='ltr'>oraculum</span> <span class='ocrx_word' id='word_1_504' title='bbox 1567 3045 1622 3136; x_wconf 78' lang='lat' dir='ltr'>ia&#39;</span> <span class='ocrx_word' id='word_1_505' title='bbox 1644 3038 1820 3112; x_wconf 75' lang='lat' dir='ltr'>Achaicis</span> <span class='ocrx_word' id='word_1_506' title='bbox 1856 3045 2074 3118; x_wconf 76' lang='lat' dir='ltr'>Pausaniae</span> <span class='ocrx_word' id='word_1_507' title='bbox 2106 3045 2156 3118; x_wconf 82' lang='lat' dir='ltr'>tle</span> <span class='ocrx_word' id='word_1_508' title='bbox 2184 3047 2329 3122; x_wconf 81' lang='lat' dir='ltr'>duobus</span> 
     </span>
     <span class='ocr_line' id='line_1_49' title="bbox 1355 3138 2314 3268; baseline 0.008 -53"><span class='ocrx_word' id='word_1_509' title='bbox 1355 3141 1554 3238; x_wconf 72' lang='lat' dir='ltr'>Philippis,</span> <span class='ocrx_word' id='word_1_510' title='bbox 1580 3145 1702 3254; x_wconf 80' lang='lat' dir='ltr'>altero</span> <span class='ocrx_word' id='word_1_511' title='bbox 1715 3138 1839 3236; x_wconf 75' lang='lat' dir='ltr'>felici,</span> <span class='ocrx_word' id='word_1_512' title='bbox 1865 3147 1987 3268; x_wconf 68' lang='lat' dir='ltr'>altero</span> <span class='ocrx_word' id='word_1_513' title='bbox 2004 3153 2110 3245; x_wconf 73' lang='lat' dir='ltr'>regni</span> <span class='ocrx_word' id='word_1_514' title='bbox 2124 3172 2314 3224; x_wconf 66' lang='lat' dir='ltr'>tarataram.⁴</span> 
     </span>
    </p>
   </div>
   <div class='ocr_carea' id='block_1_12' title="bbox 141 5029 2192 5127">
    <p class='ocr_par' dir='ltr' id='par_1_14' title="bbox 141 5029 2192 5127">
     <span class='ocr_line' id='line_1_50' title="bbox 141 5029 2192 5127; baseline 0.001 -16"><span class='ocrx_word' id='word_1_515' title='bbox 141 5113 150 5120; x_wconf 78' lang='grc'><strong>,</strong></span> <span class='ocrx_word' id='word_1_516' title='bbox 290 5039 392 5111; x_wconf 87' lang='lat' dir='ltr'>Hica</span> <span class='ocrx_word' id='word_1_517' title='bbox 409 5037 568 5106; x_wconf 82' lang='lat' dir='ltr'>conflatis</span> <span class='ocrx_word' id='word_1_518' title='bbox 583 5036 728 5127; x_wconf 83' lang='lat' dir='ltr'>antiqua</span> <span class='ocrx_word' id='word_1_519' title='bbox 745 5031 890 5121; x_wconf 85' lang='lat' dir='ltr'>Sarepta</span> <span class='ocrx_word' id='word_1_520' title='bbox 904 5029 1067 5114; x_wconf 81' lang='lat' dir='ltr'>metallis,</span> <span class='ocrx_word' id='word_1_521' title='bbox 1327 5031 1401 5102; x_wconf 88' lang='lat' dir='ltr'>Nec</span> <span class='ocrx_word' id='word_1_522' title='bbox 1415 5059 1536 5106; x_wconf 85' lang='lat' dir='ltr'>vocem</span> <span class='ocrx_word' id='word_1_523' title='bbox 1555 5033 1727 5106; x_wconf 86' lang='lat' dir='ltr'>Graecam</span> <span class='ocrx_word' id='word_1_524' title='bbox 1745 5037 1848 5106; x_wconf 88' lang='lat' dir='ltr'>terris</span> <span class='ocrx_word' id='word_1_525' title='bbox 1865 5038 2036 5114; x_wconf 78' lang='lat' dir='ltr'>miremur</span> <span class='ocrx_word' id='word_1_526' title='bbox 2050 5041 2091 5112; x_wconf 88' lang='lat' dir='ltr'>irs</span> <span class='ocrx_word' id='word_1_527' title='bbox 2101 5043 2192 5125; x_wconf 85' lang='lat' dir='ltr'>istis,</span> 
     </span>
    </p>
   </div>
   <div class='ocr_carea' id='block_1_13' title="bbox 288 5131 2150 5434">
    <p class='ocr_par' dir='ltr' id='par_1_15' title="bbox 288 5131 2150 5434">
     <span class='ocr_line' id='line_1_51' title="bbox 341 5131 1984 5232; baseline 0.001 -22"><span class='ocrx_word' id='word_1_528' title='bbox 341 5140 467 5210; x_wconf 86' lang='lat' dir='ltr'>Artem</span> <span class='ocrx_word' id='word_1_529' title='bbox 482 5153 618 5226; x_wconf 88' lang='lat' dir='ltr'>etopus</span> <span class='ocrx_word' id='word_1_530' title='bbox 634 5147 804 5204; x_wconf 85' lang='lat' dir='ltr'>monstrat</span> <span class='ocrx_word' id='word_1_531' title='bbox 821 5132 969 5201; x_wconf 79' lang='lat' dir='ltr'>nurnine</span> <span class='ocrx_word' id='word_1_532' title='bbox 981 5132 1073 5204; x_wconf 90' lang='lat' dir='ltr'>clara</span> <span class='ocrx_word' id='word_1_533' title='bbox 1089 5153 1167 5206; x_wconf 88' lang='lat' dir='ltr'>sno.</span> <span class='ocrx_word' id='word_1_534' title='bbox 1291 5214 1293 5222; x_wconf 19' lang='lat' dir='ltr'>y</span> <span class='ocrx_word' id='word_1_535' title='bbox 1380 5131 1522 5204; x_wconf 84' lang='lat' dir='ltr'>lonicae</span> <span class='ocrx_word' id='word_1_536' title='bbox 1536 5137 1633 5224; x_wconf 85' lang='lat' dir='ltr'>genti</span> <span class='ocrx_word' id='word_1_537' title='bbox 1649 5136 1767 5232; x_wconf 84' lang='lat' dir='ltr'>Mysia</span> <span class='ocrx_word' id='word_1_538' title='bbox 1781 5138 1888 5208; x_wconf 84' lang='lat' dir='ltr'>mista</span> <span class='ocrx_word' id='word_1_539' title='bbox 1904 5139 1984 5212; x_wconf 75' lang='lat' dir='ltr'>tois</span> 
     </span>
     <span class='ocr_line' id='line_1_52' title="bbox 288 5229 2150 5331; baseline 0.001 -18"><span class='ocrx_word' id='word_1_540' title='bbox 288 5241 405 5316; x_wconf 88' lang='lat' dir='ltr'>Multa</span> <span class='ocrx_word' id='word_1_541' title='bbox 421 5237 536 5310; x_wconf 88' lang='lat' dir='ltr'>honae</span> <span class='ocrx_word' id='word_1_542' title='bbox 550 5237 684 5308; x_wconf 83' lang='lat' dir='ltr'>mentes</span> <span class='ocrx_word' id='word_1_543' title='bbox 700 5235 854 5326; x_wconf 82' lang='lat' dir='ltr'>exempla</span> <span class='ocrx_word' id='word_1_544' title='bbox 872 5229 956 5304; x_wconf 92' lang='lat' dir='ltr'>hinc</span> <span class='ocrx_word' id='word_1_545' title='bbox 969 5259 1107 5303; x_wconf 90' lang='lat' dir='ltr'>sumere</span> <span class='ocrx_word' id='word_1_546' title='bbox 1119 5247 1276 5324; x_wconf 90' lang='lat' dir='ltr'>possunt,</span> <span class='ocrx_word' id='word_1_547' title='bbox 1327 5231 1493 5304; x_wconf 81' lang='lat' dir='ltr'>Forsitan</span> <span class='ocrx_word' id='word_1_548' title='bbox 1510 5237 1576 5306; x_wconf 87' lang='lat' dir='ltr'>ista</span> <span class='ocrx_word' id='word_1_549' title='bbox 1589 5237 1659 5308; x_wconf 82' lang='lat' dir='ltr'>luit</span> <span class='ocrx_word' id='word_1_550' title='bbox 1671 5235 1908 5308; x_wconf 82' lang='lat' dir='ltr'>Dominarum</span> <span class='ocrx_word' id='word_1_551' title='bbox 1926 5244 2021 5330; x_wconf 84' lang='lat' dir='ltr'>regia</span> <span class='ocrx_word' id='word_1_552' title='bbox 2039 5246 2150 5331; x_wconf 72' lang='lat' dir='ltr'>udos,</span> 
     </span>
     <span class='ocr_line' id='line_1_53' title="bbox 341 5332 2122 5434; baseline -0.001 -20"><span class='ocrx_word' id='word_1_553' title='bbox 341 5341 443 5434; x_wconf 87' lang='lat' dir='ltr'>Quae</span> <span class='ocrx_word' id='word_1_554' title='bbox 460 5341 615 5412; x_wconf 82' lang='lat' dir='ltr'>formant</span> <span class='ocrx_word' id='word_1_555' title='bbox 630 5361 764 5424; x_wconf 84' lang='lat' dir='ltr'>mores,</span> <span class='ocrx_word' id='word_1_556' title='bbox 791 5359 880 5432; x_wconf 90' lang='lat' dir='ltr'>quos</span> <span class='ocrx_word' id='word_1_557' title='bbox 896 5337 1022 5429; x_wconf 87' lang='lat' dir='ltr'>probat</span> <span class='ocrx_word' id='word_1_558' title='bbox 1038 5335 1112 5426; x_wconf 84' lang='lat' dir='ltr'>ipse</span> <span class='ocrx_word' id='word_1_559' title='bbox 1124 5333 1232 5412; x_wconf 86' lang='lat' dir='ltr'>Deus.</span> <span class='ocrx_word' id='word_1_560' title='bbox 1289 5332 1292 5341; x_wconf 74' lang='grc'><strong>’</strong></span> <span class='ocrx_word' id='word_1_561' title='bbox 1380 5333 1475 5408; x_wconf 90' lang='lat' dir='ltr'>Hinc</span> <span class='ocrx_word' id='word_1_562' title='bbox 1491 5337 1723 5414; x_wconf 81' lang='lat' dir='ltr'>solareiuhar</span> <span class='ocrx_word' id='word_1_563' title='bbox 1739 5339 1885 5412; x_wconf 84' lang='lat' dir='ltr'>nomina</span> <span class='ocrx_word' id='word_1_564' title='bbox 1903 5341 1999 5421; x_wconf 85' lang='lat' dir='ltr'>clara</span> <span class='ocrx_word' id='word_1_565' title='bbox 2013 5346 2122 5418; x_wconf 82' lang='lat' dir='ltr'>dedit.</span> 
     </span>
    </p>
   </div>
   <div class='ocr_carea' id='block_1_14' title="bbox 0 0 2452 5974">
    <p class='ocr_par' dir='ltr' id='par_1_16' title="bbox 0 0 2452 5974">
     <span class='ocr_line' id='line_1_54' title="bbox 0 0 2452 5974; baseline 0 0"><span class='ocrx_word' id='word_1_566' title='bbox 0 0 2452 5974; x_wconf 95' lang='lat' dir='ltr'> </span> 
     </span>
    </p>
   </div>
  </div>
 </body>
</html>
