4884 5950
143 220 225 300 aas
697 285 701 292 .
741 167 1597 318 Quansrronns'acsonmcan
2112 225 2188 308 eso

150 394 242 494 πρὸς
271 387 360 477 τοὺς
393 390 562 493 deripere.
640 396 740 467 Anni
765 397 1059 493 quadripartitam
1086 397 1143 468 di·
1192 409 1291 488 grata
1304 413 1427 471 'mente
1443 400 1618 490 cogitare,
1643 411 1678 469 et
1699 397 1877 472 celebrare
1898 417 1983 472 voce
1998 407 2031 468 et
2047 397 2187 490 scriptis

150 499 376 573 stinctionem
401 511 555 594 quatuor
578 511 778 592 temporum
803 499 1010 591 gratissimis
1026 499 1142 570 raria-
1194 526 1261 570 nos
1278 505 1388 576 decet.

147 619 222 676 tom
245 601 403 686 vicibus,
435 601 623 694 praecipue
647 603 753 673 eflicit
773 615 808 673 et
831 613 1004 694 temperat
1019 625 1140 672 annuo
1296 603 1375 694 Ago
1401 604 1521 695 itaque
1541 600 1671 691 gratias
1693 611 1767 672 toto
1788 615 1931 691 pectore
1951 596 2029 674 Deo
2043 614 2186 674 aeterno

148 703 300 777 circuita
316 697 390 775 sot.
442 696 698 795 Κατᾶστασις,
721 717 860 798 quaest
873 703 1141 792 maturescens,
1192 706 1285 798 patri
1300 703 1448 775 Domini
1465 703 1581 774 nostri
1604 701 1685 776 lesu
1701 697 1836 774 Christi
1855 701 2034 774 conditori
2049 705 2187 795 generis

148 807 384 878 evidentiores
405 801 469 878 stoi
495 803 813 904 καθολικωτὲρας,
854 820 890 878 et
920 805 1075 876 minores
1101 830 1141 878 ac
1194 804 1341 878 humani
1360 821 1395 878 et
1409 803 1588 876 Ecclesiae
1605 829 1705 885 suae,
1730 804 1825 876 fonti
1841 817 1876 876 et
1890 806 2008 876 autori
2023 806 2186 878 omnium

146 907 267 980 minus
281 907 453 998 insignes,
474 922 514 979 ut
528 909 775 1001 particulares,
796 921 1013 993 menstruas,
1038 908 1140 978 diur·
1193 912 1371 981 bonorum
1393 923 1428 980 et
1450 908 1563 978 felicis
1586 933 1625 980 ac
1646 908 1809 980 salutaris
1826 907 2089 993 medicationis,
2114 932 2186 980 una

146 1035 228 1098 nas,
254 1006 434 1096 horarias,
465 1025 501 1082 et
518 1033 616 1102 pene
638 1026 902 1082 momentaneas
926 1010 1140 1081 variationes
1193 1037 1273 1082 cum
1287 1012 1362 1081 tilio
1378 1035 1442 1082 suo
1457 1007 1614 1080 Domino
1632 1024 1754 1082 nostro
1769 1007 1848 1080 lesu
1863 1003 2028 1094 Christo,
2058 1011 2121 1104 qui
2136 1027 2187 1082 est

146 1113 402 1204 complectitur.
460 1110 524 1182 Illa
548 1136 631 1204 ergo
651 1114 733 1184 talis
755 1127 808 1183 est
828 1135 955 1212 magna
982 1125 1140 1204 exparte
1192 1107 1301 1212 λόγος
1322 1109 1383 1186 καὶ
1403 1107 1512 1186 εἰκών
1531 1113 1658 1204 patris,
1684 1127 1719 1182 et
1737 1106 1888 1205 μεσίτης
1900 1106 1964 1184 καὶ
1980 1107 2099 1204 ἱκέτης
2119 1137 2185 1182 uo-

145 1217 279 1287 avaria
301 1228 336 1285 et
358 1237 443 1304 vaga
460 1215 681 1306 planetarum
703 1216 946 1300 (aberratione,
974 1236 1139 1304 congres·
1192 1231 1265 1286 ster
1280 1241 1399 1286 coram
1420 1230 1538 1306 patre,
1565 1231 1599 1286 et
1623 1239 1702 1286 cum
1721 1214 1860 1306 Spiritu
1884 1228 2004 1284 sancto
2023 1213 2185 1284 Paracle-

41 1406 46 1413 .
145 1343 258 1414 suque
277 1317 370 1388 inter
391 1339 428 1386 se
449 1319 666 1403 eorundem,
698 1332 732 1389 et
753 1318 893 1388 diversa
920 1317 1139 1387 coniectione
1194 1334 1248 1403 to,
1282 1334 1377 1388 casto
1385 1367 1398 1410 ,
1433 1319 1514 1388 vivo
1545 1332 1578 1388 et
1600 1340 1739 1401 verace,
1773 1312 2093 1410 quodEcclesiam
2116 1316 2184 1386 sibi

143 1419 438 1514 consentiensque
453 1419 636 1492 radiorum
647 1444 691 1490 er
705 1419 953 1490 differentibus
968 1419 1138 1490 interval·
1194 1421 1286 1490 inter
1303 1443 1368 1490 nos
1391 1420 1527 1510 colligit
1544 1445 1629 1490 voce
1651 1433 1686 1490 et
1702 1419 1900 1491 ministerio
1915 1411 2102 1508 Evangelii
2119 1418 2187 1504 sui,

144 1526 190 1594 lis
214 1521 434 1594 dissimiliter
447 1521 540 1593 inter
559 1547 596 1592 se
616 1523 840 1608 collisorum,
864 1535 970 1615 atque
981 1521 1027 1590 ab
1042 1523 1138 1591 iner-
1192 1525 1287 1615 quod
1306 1523 1348 1592 ad
1362 1523 1562 1593 societatem
1580 1523 1676 1594 illius
1690 1535 1859 1615 tanquam
1874 1519 1968 1590 cives
1981 1521 2184 1590 etmembra

143 1627 301 1698 cantium
326 1625 431 1695 etiam
458 1639 493 1696 et
526 1625 625 1696 coelo
659 1621 929 1695 adhaerentium
955 1623 1137 1695 stellarum
1191 1647 1258 1696 nos
1279 1625 1420 1696 vocavit
1442 1639 1477 1696 et
1499 1625 1682 1709 adiunxit,
1715 1625 1811 1717 quod
1827 1622 2009 1692 doctrinae
2026 1622 2185 1692 coelestis

143 1742 267 1800 exortu
284 1741 318 1798 et
330 1726 518 1812 desubito,
542 1727 719 1798 luminum
736 1727 921 1820 deliquiis,
948 1726 1138 1798 ardoribus
1190 1726 1392 1798 sincerioris
1407 1741 1442 1796 et
1458 1727 1608 1797 aliarum
1625 1726 1754 1796 artium
1773 1725 1916 1796 utilium
1932 1724 2048 1794 studia
2064 1723 2103 1793 in
2119 1719 2185 1794 hac

142 1829 365 1922 flagrantium
394 1844 611 1902 cometarum
642 1843 675 1899 et
706 1843 946 1900 meteororum
979 1829 1138 1898 variante
1191 1825 1381 1900 Academia
1406 1853 1480 1900 non
1500 1830 1586 1900 sinit
1606 1827 1786 1920 ‘exdngub
1818 1828 1913 1920 quod
1931 1841 1965 1898 et
1987 1851 2043 1896 me
2059 1841 2094 1896 et
2109 1827 2185 1898 s'tu-

144 1931 366 2016 dirersitate,
399 1955 489 2025 quae
508 1933 543 2000 vi
565 1933 730 2026 syderum
746 1931 996 2001 excitanturet
1016 1931 1136 2000 disco·
1191 1932 1248 2000 ‹lia
1283 1956 1378 2016 rnea,
1419 1945 1454 2001 et
1479 1945 1625 2001 conatus
1650 1932 1688 1999 in
1716 1930 1877 2000 docendo
1904 1955 1943 1998 ac
1973 1929 2183 2001 medicando

143 2038 293 2109 tiuntnr.
341 2032 535 2104 Haeccum
549 2033 622 2104 sint
634 2033 916 2113 euidentissima,
939 2045 982 2102 nt
998 2031 1136 2125 reliqua
1192 2029 1360 2105 hacteuus
1382 2033 1473 2104 rexit
1497 2048 1603 2128 atque
1626 2033 1774 2104 adiuvit.
1832 2028 1998 2125 Eumque
2013 2055 2076 2102 oro
2090 2031 2184 2100 veris

143 2139 321 2218 omittam,
355 2133 576 2232 convincunt
597 2160 671 2206 non
692 2137 940 2227 negligendam
963 2156 1037 2206 esse
1056 2133 1137 2203 Me-
1190 2149 1224 2205 et
1237 2135 1449 2206 ardentibus
1466 2137 1673 2226 gemitibus,
1697 2149 1737 2208 ut
1752 2133 1920 2225 deinceps
1938 2134 2047 2204 etiam
2065 2147 2100 2204 et
2113 2128 2183 2202 hoc

140 2241 224 2310 dico
260 2261 406 2332 prorsus
431 2233 544 2320 hanc,
570 2240 630 2308 'dc
656 2262 727 2332 qua
765 2237 902 2322 dixisti,
940 2228 1136 2332 μαντικήν.
1189 2238 1433 2308 doctrinarum
1470 2238 1691 2308 domicilium
1732 2249 1893 2318 tueatur,
1936 2249 1970 2306 et
2000 2248 2184 2306 conservet

142 2343 216 2414 Sed
241 2337 348 2413 huius
371 2339 441 2409 loci
471 2363 546 2410 non
577 2355 628 2412 est
655 2335 741 2412 haec
767 2339 941 2432 prolixius
962 2339 1136 2432 persequi.
1189 2335 1275 2410 haec
1296 2363 1359 2410 sna
1382 2342 1495 2426 dona,
1520 2363 1641 2410 vocem
1652 2335 1840 2430 Evangelii
1859 2339 2120 2429 incorruptam,
2149 2352 2184 2406 et

141 2444 264 2535 Quare
283 2457 318 2514 et
338 2442 536 2513 rationibus
551 2441 709 2526 omissis,
736 2455 771 2512 et
788 2442 1019 2512 autoritatum
1034 2441 1135 2511 testi·
1189 2443 1296 2514 totius
1310 2443 1466 2534 purioris
1477 2435 1730 2532 Philosophiae
1748 2441 1882 2522 studia,
1909 2456 1943 2511 et
1957 2454 2072 2512 totum
2090 2440 2183 2510 vitae

142 2547 306 2627 moniis‚·
327 2561 361 2617 et
379 2545 540 2634 longiore
560 2545 794 2636 explicatione
819 2545 993 2636 praecisa,
1018 2545 1073 2613 ad
1097 2543 1135 2612 id
1189 2560 1302 2631 me'ae,
1324 2545 1528 2615 studiorum
1544 2570 1585 2615 ac
1599 2543 1876 2614 medicatiunum
1892 2565 2034 2612 cursum
2052 2543 2184 2632 guber-

141 2673 199 2720 me
213 2661 402 2732 converto,
429 2649 527 2740 quod
542 2647 712 2718 ultimum
729 2647 768 2716 in
785 2642 853 2716 hoc
868 2660 948 2716 actu
966 2659 1134 2738 superest.
1187 2661 1265 2732 net,
1292 2646 1421 2736 dirigat
1444 2661 1478 2718 et
1492 2649 1670 2731 fortunat,
1695 2667 1821 2738 meque
1845 2645 1931 2713 velit
1948 2667 2021 2716 esse
2038 2669 2098 2713 vas
2112 2645 2182 2712 rni-

241 2749 479 2842 Praecipunm
501 2750 651 2843 quadiu
674 2743 731 2818 bis
746 2749 991 2838 congressibus
1008 2748 1133 2840 publi·
1187 2750 1397 2820 sericordiae
1418 2764 1453 2820 et
1474 2773 1645 2840 organum
1672 2749 1841 2832 salutare,
1873 2759 1913 2816 ut
1935 2760 1970 2818 et
1992 2745 2060 2836 ipsi
2083 2760 2186 2834 grata

141 2855 192 2924 cis
205 2853 347 2944 piorum
359 2865 396 2922 et
409 2853 594 2922 doctorum
607 2847 793 2921 hominum
807 2865 841 2920 et
856 2850 1014 2921 veritatis
1027 2863 1134 2944 atque
1186 2852 1329 2936 faciam,
1355 2865 1391 2921 et
1412 2853 1547 2944 prosim
1564 2851 1686 2922 multis
1703 2850 1740 2918 in
1763 2871 1891 2938 genere
1902 2841 2060 2920 humano
2077 2847 2180 2918 utilia

140 2955 352 3026 concordiae
372 2955 567 3024 amantium
592 2954 668 3022 fieri
693 2954 816 3036 debet,
847 2966 899 3023 est
913 2953 1067 3044 precatio
1087 2953 1131 3022 ad
1185 2955 1364 3038 docendo,
1391 2969 1426 3024 et
1441 2967 1553 3026 artem
1568 2954 1740 3024 medicam
1756 2951 1930 3022 foeliciter
1945 2949 2121 3020 iaciendo.

138 3055 255 3128 Deum
284 3057 412 3126 ardeus
444 3079 484 3126 ac
506 3055 615 3143 seria,
647 3069 683 3126 et
701 3055 893 3146 gratiarum
917 3055 1029 3134 actio,
1063 3077 1131 3148 qua
1288 3053 1427 3126 Deinde
1448 3049 1577 3148 gratias
1603 3078 1668 3144 ago
1690 3053 1933 3124 lllustrissimo
1955 3049 2117 3142 Principi
2139 3074 2180 3121 ac

141 3159 363 3232 celebrentur
384 3155 572 3241 beneficia,
606 3159 736 3252 quibus
763 3157 937 3228 divinitus
959 3157 1133 3226 afficimur
1185 3156 1360 3244 Domino,
1383 3157 1541 3230 Domino
1549 3155 1711 3246 Augusto
1721 3152 1878 3226 Electori
1891 3153 2085 3238 Saroniae,
2104 3153 2180 3224 Do·

138 3276 174 3334 et
201 3261 435 3333 cumulemur.
497 3259 626 3352 lugens
657 3259 806 3330 omuino
827 3256 895 3328 Dei
919 3259 1130 3330 beneficium
1185 3262 1284 3330 mino
1300 3273 1423 3334 nostro
1436 3259 1745 3344 Clementissimo,
1781 3259 1876 3352 quod
1894 3256 1933 3326 in
1947 3251 2041 3326 hanc
2058 3281 2178 3326 carram

138 3377 209 3444 est,
242 3365 341 3456 quod
364 3387 437 3433 non
462 3365 579 3433 solum
605 3363 766 3432 condidit
788 3385 899 3452 genus
921 3355 1131 3445 humanum,
1185 3363 1373 3454 praecipue
1395 3364 1590 3444 incumbit,
1623 3389 1712 3457 qtrae
1734 3361 1924 3452 praecipua
1940 3361 1979 3429 in
1997 3359 2096 3430 omni
2114 3381 2179 3448 gu-

138 3481 174 3538 et
189 3461 273 3536 hnic
287 3466 445 3536 ostendit
458 3479 549 3536 artes
572 3466 787 3556 multiplices
800 3465 893 3536 vitae
910 3463 1131 3548 necessarias,
1184 3465 1393 3534 beruatione
1415 3487 1490 3535 esse
1512 3466 1636 3548 debet,
1669 3479 1710 3535 ut
1730 3461 1828 3535 Deus
1848 3475 1942 3532 recte
1956 3475 2179 3552 agnoscatur,

137 3569 200 3640 sed
220 3568 317 3663 qnod
341 3590 415 3637 sese
438 3567 541 3638 etiam
560 3568 740 3666 patefecit,
766 3589 807 3635 ac
822 3565 951 3636 tradita
968 3565 1129 3636 doctrina
1184 3580 1218 3637 et
1233 3579 1325 3636 recte
1339 3567 1478 3636 colatur
1491 3591 1573 3636 vera
1589 3566 1789 3634 obedientia
1807 3577 1841 3633 et
1855 3587 1936 3634 vera
1953 3563 2178 3632 invocatione

136 3669 373 3741 ministerium
399 3669 574 3753 instituit,
605 3693 676 3761 quo
694 3668 831 3756 colligit
848 3682 1027 3738 aeternam
1045 3663 1130 3735 hae—
1181 3693 1264 3740 cum
1280 3667 1407 3738 fiducia
1421 3669 1556 3739 aeterni
1572 3665 1637 3736 lilii
1654 3665 1865 3738 Mediatoris
1880 3678 1915 3734 et
1924 3661 2177 3753 Redemptoris

135 3773 321 3844 reditatem
339 3785 483 3842 aeterno
500 3771 592 3840 Filio
609 3768 765 3840 Domino
789 3781 911 3839 nostro
929 3767 1008 3838 lesu
1021 3764 1130 3838 Chri·
1183 3771 1316 3856 nostri,
1342 3785 1376 3839 et
1386 3769 1451 3842 Dei
1463 3771 1573 3860 gloria
1585 3770 1801 3852 illustretur,
1827 3761 2177 3838 ethominesdoctri-

135 3889 200 3954 sto.
253 3872 441 3962 Singulare
456 3897 539 3945 vero
555 3869 696 3942 bocDei
712 3873 921 3942 benefidum
935 3884 1006 3956 est,
1031 3872 1128 3963 quod
1182 3897 1249 3955 na,
1273 3873 1461 3965 disciplina
1477 3887 1511 3944 et
1524 3873 1660 3962 legibus
1673 3870 1803 3940 exculti
1815 3872 1852 3938 'et
1863 3868 2096 3943 mansuefacti
2112 3869 2175 3938 acl-

135 3979 175 4046 in
190 3969 256 4047 bac
277 3971 396 4046 schola
414 3978 573 4048 restituta
594 3976 673 4044 luce
688 3974 868 4058 veritatis,
900 3997 1023 4044 noser
1040 3976 1127 4044 den-
1181 3978 1360 4046 ducantur
1372 3977 1417 4046 ad
1434 3973 1571 4055 Deum,
1597 3988 1632 4044 et
1647 3973 1837 4044 assuefiant
1850 3971 1895 4040 ad
1920 3969 2001 4038 tidei
2020 3983 2055 4040 et
2071 3969 2175 4040 iuvo-

135 4077 272 4150 sissima
289 4076 438 4168 caligine
452 4078 669 4148 inveteratae
685 4077 965 4167 superstitionis,
992 4089 1027 4146 et
1042 4099 1128 4144 con·
1180 4077 1351 4164 cationis,
1385 4091 1526 4150 sanctae
1547 4101 1589 4147 ac
1612 4075 1688 4147 Deo
1709 4073 1883 4168 placentis
1901 4066 2114 4158 honestatis,
2140 4087 2176 4143 et

133 4181 391 4252 fusissimarum
415 4181 625 4271 opinionum
647 4178 859 4248 errabundis
886 4179 1050 4258 latebris,
1082 4180 1125 4246 ad
1180 4179 1342 4250 omnium
1364 4179 1503 4269 piarum
1530 4179 1702 4252 virtutum
1725 4177 1843 4248 studia
1872 4191 1976 4270 atque
1998 4175 2173 4257 exercitia,

134 4284 233 4354 illins
247 4283 336 4353 lucis
350 4281 893 4374 conspectumcognitioneroquc
908 4281 1068 4359 reduxit,
1092 4294 1128 4350 et
1178 4296 1215 4352 et
1236 4295 1278 4352 ut
1300 4277 1385 4352 haec
1408 4276 1538 4352 Schola
1561 4297 1666 4374 atque
1685 4281 1724 4350 in
1746 4303 1785 4350 ea
1808 4279 2023 4371 optimarum
2042 4277 2172 4346 artium

134 4386 292 4458 excitatis
317 4399 422 4477 atque
444 4385 624 4459 instaretis
645 4384 783 4454 idoneis
805 4383 1011 4453 custodibus
1035 4377 1127 4452 hanc
1179 4385 1314 4467 studia,
1345 4397 1380 4454 et
1408 4409 1498 4477 quae
1530 4385 1638 4452 semel
1669 4385 1859 4454 constituta
1885 4393 1936 4451 est
1968 4378 2172 4450 docentium

132 4491 230 4559 fovet
255 4509 295 4556 ac
319 4488 559 4557 conservatio
586 4481 651 4554 bac
672 4481 792 4556 schola
815 4499 848 4556 et
865 4485 1031 4577 plurimis
1049 4485 1130 4580 aliis
1181 4510 1371 4567 consensu,
1406 4511 1530 4554 norma
1553 4487 1731 4568 veritatis,
1764 4486 1878 4573 vigeat
1893 4506 1933 4552 ac
1949 4491 2173 4572 propagetur.

133 4613 215 4661 cum
230 4584 297 4659 hac
312 4589 532 4674 coniunctis,
558 4583 676 4678 ethos
691 4588 835 4658 nidulos
852 4611 935 4657 suae
948 4585 1126 4657 Ecclesiae
1179 4589 1249 4658 Pro
1276 4589 1406 4681 quibus
1429 4589 1608 4658 beneficiis
1638 4601 1737 4658 tanto
1758 4584 1924 4674 Principe
1946 4581 2173 4670 dignissimis,

131 4694 173 4762 in
196 4687 254 4762 his
274 4691 378 4762 terris
399 4705 522 4762 contra
547 4703 600 4761 tot
615 4690 896 4771 adversationes,
923 4689 1126 4758 moiitiones
1179 4705 1214 4761 et
1233 4715 1300 4780 pro
1320 4691 1491 4782 singulari
1523 4713 1603 4782 erga
1628 4715 1684 4760 me
1708 4687 1893 4760 clementia
1918 4683 2170 4774 gratitudinem

133 4809 169 4866 et
190 4793 448 4886 impetitiones,
487 4805 608 4864 contra
633 4805 705 4862 tam
738 4791 960 4861 manifestam
990 4791 1124 4860 rabiem
1181 4791 1441 4864 illustrissimae
1458 4791 1671 4864 Celsitndiui
1703 4791 1778 4861 eins
1801 4800 2004 4881 perpetuam
2028 4810 2085 4854 me
2108 4785 2171 4856 de-

132 4891 323 4967 hominum
338 4893 486 4967 Cainico
508 4895 591 4966 odio
606 4894 720 4965 nostri
742 4893 938 4964 furentium
956 4905 1077 4964 tnettrr
1092 4908 1126 4964 et
1178 4896 1262 4966 bere
1276 4896 1444 4987 profiteor
1457 4909 1493 4966 et
1508 4897 1758 4986 praestiturum
1771 4891 1952 4983 polliceor.
1993 4881 2040 4958 Et
2053 4885 2169 4958 Deum

130 5000 296 5090 protegit.
347 4995 427 5068 lloc
442 4997 612 5068 beneficio
628 5019 693 5066 nos
707 4993 1017 5087 peculiariterDeo
1032 4996 1126 5065 obli·
1179 5023 1260 5083 oro,
1286 5013 1326 5069 ut
1343 5013 1377 5068 et
1391 4998 1506 5089 ipsum
1517 4995 1798 5068 lllustrissimum
1810 4991 2012 5084 Principem
2028 4987 2169 5060 Electo-

132 5123 258 5193 gamur
272 5101 316 5170 ad
332 5100 524 5191 gratiarnm
540 5101 712 5170 actionem
727 5097 998 5188 sempiternam,
1031 5101 1123 5168 etad
1179 5125 1252 5170 rem
1276 5113 1312 5172 et
1331 5093 1722 5195 avalloviscirocrius,
1752 5121 1791 5168 ac
1808 5095 1921 5165 socios
1938 5093 2168 5164 consiliorum

131 5204 250 5275 acrius
267 5216 377 5296 atque
396 5203 580 5274 ardentius
600 5201 759 5273 studium
779 5200 958 5272 retinendi
980 5225 1020 5270 ac
1040 5225 1126 5292 pro-
1178 5216 1212 5274 et
1238 5203 1278 5270 iu
1305 5201 1561 5291 gubernatione
1585 5199 1782 5272 Parastatas
1801 5211 1898 5288 regat
1917 5193 2168 5275 accustodiat,

129 5305 284 5399 pagandi
312 5305 357 5375 ad
388 5317 545 5397 posteros
573 5303 791 5397 depositum,
823 5326 895 5396 quo
925 5303 1029 5374 nobis
1052 5304 1125 5372 frui
1177 5318 1212 5375 et
1233 5304 1367 5374 tribuat
1387 5298 1443 5374 bis
1457 5305 1560 5374 terris
1578 5303 1767 5374 salutarem
1792 5305 1963 5394 pacem'et
1979 5297 2167 5366 salutarem

131 5407 350 5480 conceditur.
410 5404 613 5498 Agnoscere
634 5429 721 5500 ergo
751 5399 839 5476 haec
862 5403 1049 5492 beneficia,
1089 5419 1125 5477 et
1176 5405 1478 5498 gubernationem.
1543 5439 1548 5472 t
