<?xml version="1.0" encoding="UTF-8"?>
<!DOCTYPE html PUBLIC "-//W3C//DTD XHTML 1.0 Transitional//EN"
    "http://www.w3.org/TR/xhtml1/DTD/xhtml1-transitional.dtd">
<html xmlns="http://www.w3.org/1999/xhtml" xml:lang="en" lang="en">
 <head>
  <title>
</title>
<meta http-equiv="Content-Type" content="text/html;charset=utf-8" />
  <meta name='ocr-system' content='tesseract 3.04.00' />
  <meta name='ocr-capabilities' content='ocr_page ocr_carea ocr_par ocr_line ocrx_word'/>
</head>
<body>
  <div class='ocr_page' id='page_1' title='image "./philippimelanth07bindgoog_0124.png"; bbox 0 0 4866 5990; ppageno 0'>
   <div class='ocr_carea' id='block_1_1' title="bbox 233 139 2329 292">
    <p class='ocr_par' dir='ltr' id='par_1_1' title="bbox 233 139 2329 292">
     <span class='ocr_line' id='line_1_1' title="bbox 233 139 2329 292; baseline 0.007 -19"><span class='ocrx_word' id='word_1_1' title='bbox 233 196 374 274; x_wconf 66' lang='grc' dir='ltr'>ω</span> <span class='ocrx_word' id='word_1_2' title='bbox 507 234 508 248; x_wconf 24' lang='grc' dir='ltr'><strong><em>κ</em></strong></span> <span class='ocrx_word' id='word_1_3' title='bbox 658 139 1951 292; x_wconf 74' lang='lat' dir='ltr'>scarrraanv&#39;rran&#39;nroarrnnnaeanrn.</span> <span class='ocrx_word' id='word_1_4' title='bbox 2246 213 2329 292; x_wconf 82' lang='lat' dir='ltr'>aso</span> 
     </span>
    </p>
   </div>
   <div class='ocr_carea' id='block_1_2' title="bbox 300 329 2337 585">
    <p class='ocr_par' dir='ltr' id='par_1_2' title="bbox 300 329 2337 585">
     <span class='ocr_line' id='line_1_2' title="bbox 300 329 2337 482; baseline 0.009 -40"><span class='ocrx_word' id='word_1_5' title='bbox 300 371 400 452; x_wconf 85' lang='lat' dir='ltr'>illios</span> <span class='ocrx_word' id='word_1_6' title='bbox 425 365 570 450; x_wconf 90' lang='lat' dir='ltr'>ultima,</span> <span class='ocrx_word' id='word_1_7' title='bbox 600 389 684 464; x_wconf 86' lang='lat' dir='ltr'>nam</span> <span class='ocrx_word' id='word_1_8' title='bbox 706 391 747 441; x_wconf 86' lang='lat' dir='ltr'>aa</span> <span class='ocrx_word' id='word_1_9' title='bbox 767 389 874 466; x_wconf 87' lang='lat' dir='ltr'>quarn</span> <span class='ocrx_word' id='word_1_10' title='bbox 899 369 943 440; x_wconf 90' lang='lat' dir='ltr'>ad</span> <span class='ocrx_word' id='word_1_11' title='bbox 977 365 1158 442; x_wconf 87' lang='lat' dir='ltr'>Paschatis</span> <span class='ocrx_word' id='word_1_12' title='bbox 1190 370 1286 444; x_wconf 86' lang='lat' dir='ltr'>diem</span> <span class='ocrx_word' id='word_1_13' title='bbox 1338 375 1457 448; x_wconf 88' lang='lat' dir='ltr'>hendo</span> <span class='ocrx_word' id='word_1_14' title='bbox 1472 378 1644 466; x_wconf 89' lang='lat' dir='ltr'>absolvit,</span> <span class='ocrx_word' id='word_1_15' title='bbox 1666 384 1764 478; x_wconf 89' lang='lat' dir='ltr'>quod</span> <span class='ocrx_word' id='word_1_16' title='bbox 1779 385 2071 482; x_wconf 67' lang='lat' dir='ltr'>nltirmrmiastsr</span> <span class='ocrx_word' id='word_1_17' title='bbox 2093 383 2139 460; x_wconf 89' lang='lat' dir='ltr'>iis</span> <span class='ocrx_word' id='word_1_18' title='bbox 2166 329 2260 481; x_wconf 83' lang='lat' dir='ltr'>qnae</span> <span class='ocrx_word' id='word_1_19' title='bbox 2284 387 2337 458; x_wconf 85' lang='lat' dir='ltr'>ad</span> 
     </span>
     <span class='ocr_line' id='line_1_3' title="bbox 301 471 2333 585; baseline 0.009 -41"><span class='ocrx_word' id='word_1_20' title='bbox 301 472 541 544; x_wconf 86' lang='lat' dir='ltr'>meditabatur</span> <span class='ocrx_word' id='word_1_21' title='bbox 568 471 737 561; x_wconf 88' lang='lat' dir='ltr'>impedita</span> <span class='ocrx_word' id='word_1_22' title='bbox 760 471 847 551; x_wconf 86' lang='lat' dir='ltr'>snit,</span> <span class='ocrx_word' id='word_1_23' title='bbox 880 484 921 540; x_wconf 92' lang='lat' dir='ltr'>ut</span> <span class='ocrx_word' id='word_1_24' title='bbox 943 477 1063 564; x_wconf 88' lang='lat' dir='ltr'>postca</span> <span class='ocrx_word' id='word_1_25' title='bbox 1084 473 1290 557; x_wconf 74' lang='lat' dir='ltr'>referemus,</span> <span class='ocrx_word' id='word_1_26' title='bbox 1342 479 1519 568; x_wconf 87' lang='lat' dir='ltr'>publicam</span> <span class='ocrx_word' id='word_1_27' title='bbox 1533 481 1721 570; x_wconf 85' lang='lat' dir='ltr'>lectionem</span> <span class='ocrx_word' id='word_1_28' title='bbox 1731 487 1892 577; x_wconf 85' lang='lat' dir='ltr'>scripsit,</span> <span class='ocrx_word' id='word_1_29' title='bbox 1917 504 1955 563; x_wconf 87' lang='lat' dir='ltr'>et</span> <span class='ocrx_word' id='word_1_30' title='bbox 1966 489 2075 585; x_wconf 82' lang='lat' dir='ltr'>quale</span> <span class='ocrx_word' id='word_1_31' title='bbox 2087 490 2133 562; x_wconf 92' lang='lat' dir='ltr'>sit</span> <span class='ocrx_word' id='word_1_32' title='bbox 2148 511 2231 562; x_wconf 84' lang='lat' dir='ltr'>cum</span> <span class='ocrx_word' id='word_1_33' title='bbox 2249 488 2333 562; x_wconf 85' lang='lat' dir='ltr'>edi·</span> 
     </span>
    </p>
   </div>
   <div class='ocr_carea' id='block_1_3' title="bbox 301 567 1964 674">
    <p class='ocr_par' dir='ltr' id='par_1_3' title="bbox 301 567 1964 674">
     <span class='ocr_line' id='line_1_4' title="bbox 301 567 1964 674; baseline 0.011 -31"><span class='ocrx_word' id='word_1_34' title='bbox 301 574 405 664; x_wconf 81' lang='lat' dir='ltr'>Quae</span> <span class='ocrx_word' id='word_1_35' title='bbox 418 572 500 644; x_wconf 88' lang='lat' dir='ltr'>ideo</span> <span class='ocrx_word' id='word_1_36' title='bbox 517 573 622 643; x_wconf 84' lang='lat' dir='ltr'>etiam</span> <span class='ocrx_word' id='word_1_37' title='bbox 637 571 1010 660; x_wconf 61' lang='lat' dir='ltr'>commemoravimus,</span> <span class='ocrx_word' id='word_1_38' title='bbox 1025 587 1067 646; x_wconf 92' lang='lat' dir='ltr'>ut</span> <span class='ocrx_word' id='word_1_39' title='bbox 1083 567 1287 668; x_wconf 84' lang='lat' dir='ltr'>constana⁸)</span> <span class='ocrx_word' id='word_1_40' title='bbox 1340 592 1416 652; x_wconf 89' lang='lat' dir='ltr'>tum</span> <span class='ocrx_word' id='word_1_41' title='bbox 1431 595 1540 668; x_wconf 82' lang='lat' dir='ltr'>extet,</span> <span class='ocrx_word' id='word_1_42' title='bbox 1563 583 1717 674; x_wconf 86' lang='lat' dir='ltr'>legentes</span> <span class='ocrx_word' id='word_1_43' title='bbox 1735 587 1964 670; x_wconf 81' lang='lat' dir='ltr'>iudicabunt..</span> 
     </span>
    </p>
   </div>
   <div class='ocr_carea' id='block_1_4' title="bbox 298 669 2335 863">
    <p class='ocr_par' dir='ltr' id='par_1_4' title="bbox 298 669 2335 863">
     <span class='ocr_line' id='line_1_5' title="bbox 298 669 2335 835; baseline -0.003 -84"><span class='ocrx_word' id='word_1_44' title='bbox 298 676 458 772; x_wconf 84' lang='lat' dir='ltr'>studium</span> <span class='ocrx_word' id='word_1_45' title='bbox 482 671 589 744; x_wconf 89' lang='lat' dir='ltr'>huins</span> <span class='ocrx_word' id='word_1_46' title='bbox 612 675 770 793; x_wconf 73' lang='lat' dir='ltr'>novandi</span> <span class='ocrx_word' id='word_1_47' title='bbox 792 669 1150 792; x_wconf 74' lang='lat' dir='ltr'>operamllcelesiae,</span> <span class='ocrx_word' id='word_1_48' title='bbox 1176 689 1210 748; x_wconf 87' lang='lat' dir='ltr'>ct</span> <span class='ocrx_word' id='word_1_49' title='bbox 1231 698 1290 746; x_wconf 90' lang='lat' dir='ltr'>re-</span> <span class='ocrx_word' id='word_1_50' title='bbox 1409 707 1553 835; x_wconf 46' lang='grc' dir='ltr'>(Ῥω,</span> <span class='ocrx_word' id='word_1_51' title='bbox 1567 692 1644 770; x_wconf 78' lang='lat'>„,„</span> <span class='ocrx_word' id='word_1_52' title='bbox 1659 713 1988 786; x_wconf 46' lang='lat' dir='ltr'>„ppmgpmffim</span> <span class='ocrx_word' id='word_1_53' title='bbox 2006 732 2088 791; x_wconf 73' lang='lat' dir='ltr'>qaam</span> <span class='ocrx_word' id='word_1_54' title='bbox 2100 717 2227 778; x_wconf 53' lang='lat' dir='ltr'>,dim</span> <span class='ocrx_word' id='word_1_55' title='bbox 2243 717 2280 776; x_wconf 66' lang='lat' dir='ltr'>,g</span> <span class='ocrx_word' id='word_1_56' title='bbox 2302 719 2335 778; x_wconf 48' lang='grc' dir='ltr'>ὼ</span> 
     </span>
     <span class='ocr_line' id='line_1_6' title="bbox 301 775 2324 863; baseline 0.005 -17"><span class='ocrx_word' id='word_1_57' title='bbox 301 781 368 854; x_wconf 79' lang='lat' dir='ltr'>bus</span> <span class='ocrx_word' id='word_1_58' title='bbox 385 777 653 858; x_wconf 84' lang='lat' dir='ltr'>communibus,</span> <span class='ocrx_word' id='word_1_59' title='bbox 676 789 712 846; x_wconf 92' lang='lat' dir='ltr'>et</span> <span class='ocrx_word' id='word_1_60' title='bbox 735 775 919 863; x_wconf 73' lang='lat' dir='ltr'>deligentes</span> <span class='ocrx_word' id='word_1_61' title='bbox 938 798 977 844; x_wconf 89' lang='lat' dir='ltr'>rn</span> <span class='ocrx_word' id='word_1_62' title='bbox 999 777 1118 846; x_wconf 85' lang='lat' dir='ltr'>ollicio</span> <span class='ocrx_word' id='word_1_63' title='bbox 1143 790 1179 848; x_wconf 87' lang='lat' dir='ltr'>et</span> <span class='ocrx_word' id='word_1_64' title='bbox 1202 775 1289 848; x_wconf 84' lang='lat' dir='ltr'>assi-</span> <span class='ocrx_word' id='word_1_65' title='bbox 1430 828 1434 837; x_wconf 88' lang='lat'>-</span> <span class='ocrx_word' id='word_1_66' title='bbox 1475 779 1620 852; x_wconf 65' lang='lat' dir='ltr'>-Atfffi&#39;s</span> <span class='ocrx_word' id='word_1_67' title='bbox 1639 799 1720 854; x_wconf 80' lang='lat' dir='ltr'>qoam</span> <span class='ocrx_word' id='word_1_68' title='bbox 1734 782 1873 856; x_wconf 76' lang='lat' dir='ltr'>igtrorttc</span> <span class='ocrx_word' id='word_1_69' title='bbox 1887 787 2079 858; x_wconf 74' lang='lat' dir='ltr'>praetermisi.)</span> <span class='ocrx_word' id='word_1_70' title='bbox 2320 811 2324 816; x_wconf 91' lang='lat'>·</span> 
     </span>
    </p>
   </div>
   <div class='ocr_carea' id='block_1_5' title="bbox 299 877 1290 970">
    <p class='ocr_par' dir='ltr' id='par_1_5' title="bbox 299 877 1290 970">
     <span class='ocr_line' id='line_1_7' title="bbox 299 877 1290 970; baseline -0.004 -20"><span class='ocrx_word' id='word_1_71' title='bbox 299 879 418 952; x_wconf 87' lang='lat' dir='ltr'>duitas</span> <span class='ocrx_word' id='word_1_72' title='bbox 442 878 639 948; x_wconf 68' lang='lat' dir='ltr'>industriae</span> <span class='ocrx_word' id='word_1_73' title='bbox 664 877 886 946; x_wconf 84' lang='lat' dir='ltr'>incredibilis</span> <span class='ocrx_word' id='word_1_74' title='bbox 908 877 1018 964; x_wconf 85' lang='lat' dir='ltr'>magis</span> <span class='ocrx_word' id='word_1_75' title='bbox 1041 878 1290 970; x_wconf 69' lang='lat' dir='ltr'><strong>conspiciatur,</strong></span> 
     </span>
    </p>
   </div>
   <div class='ocr_carea' id='block_1_6' title="bbox 303 933 2333 1072">
    <p class='ocr_par' dir='ltr' id='par_1_6' title="bbox 303 933 2333 1072">
     <span class='ocr_line' id='line_1_8' title="bbox 303 933 2333 1072; baseline -0.013 -17"><span class='ocrx_word' id='word_1_76' title='bbox 303 1006 384 1055; x_wconf 77' lang='lat' dir='ltr'>ctam</span> <span class='ocrx_word' id='word_1_77' title='bbox 400 975 486 1050; x_wconf 82' lang='lat' dir='ltr'>baec</span> <span class='ocrx_word' id='word_1_78' title='bbox 502 1002 613 1072; x_wconf 89' lang='lat' dir='ltr'>usque</span> <span class='ocrx_word' id='word_1_79' title='bbox 628 979 672 1048; x_wconf 89' lang='lat' dir='ltr'>ad</span> <span class='ocrx_word' id='word_1_80' title='bbox 694 992 890 1048; x_wconf 71' lang='lat' dir='ltr'>extremum</span> <span class='ocrx_word' id='word_1_81' title='bbox 914 979 1146 1068; x_wconf 85' lang='lat' dir='ltr'>praestiterit,</span> <span class='ocrx_word' id='word_1_82' title='bbox 1170 990 1290 1053; x_wconf 85' lang='lat' dir='ltr'>etsta-</span> <span class='ocrx_word' id='word_1_83' title='bbox 1441 933 1546 1007; x_wconf 62' lang='lat' dir='ltr'>Ham</span> <span class='ocrx_word' id='word_1_84' title='bbox 1578 952 1696 1010; x_wconf 53' lang='grc' dir='ltr'>ΝΜ</span> <span class='ocrx_word' id='word_1_85' title='bbox 1728 939 1823 1012; x_wconf 57' lang='lat' dir='ltr'>diem</span> <span class='ocrx_word' id='word_1_86' title='bbox 1850 943 2058 1036; x_wconf 65' lang='lat' dir='ltr'>Pfldlfflm</span> <span class='ocrx_word' id='word_1_87' title='bbox 2081 943 2270 1022; x_wconf 59' lang='lat' dir='ltr'>pascham</span> <span class='ocrx_word' id='word_1_88' title='bbox 2308 973 2333 1018; x_wconf 69' lang='grc' dir='ltr'>ἃ</span> 
     </span>
    </p>
   </div>
   <div class='ocr_carea' id='block_1_7' title="bbox 228 1035 2413 4321">
    <p class='ocr_par' dir='ltr' id='par_1_7' title="bbox 301 1035 2339 1584">
     <span class='ocr_line' id='line_1_9' title="bbox 302 1035 2337 1172; baseline 0.007 -66"><span class='ocrx_word' id='word_1_89' title='bbox 302 1085 438 1157; x_wconf 49' lang='lat' dir='ltr'>pionem</span> <span class='ocrx_word' id='word_1_90' title='bbox 486 1096 593 1172; x_wconf 51' lang='lat' dir='ltr'>mque</span> <span class='ocrx_word' id='word_1_91' title='bbox 624 1080 742 1150; x_wconf 57' lang='lat' dir='ltr'><strong>locum</strong></span> <span class='ocrx_word' id='word_1_92' title='bbox 768 1101 873 1151; x_wconf 63' lang='lat' dir='ltr'>mum</span> <span class='ocrx_word' id='word_1_93' title='bbox 896 1101 989 1170; x_wconf 59' lang='lat' dir='ltr'>pene</span> <span class='ocrx_word' id='word_1_94' title='bbox 1008 1082 1163 1150; x_wconf 53' lang='lat' dir='ltr'>moriem</span> <span class='ocrx_word' id='word_1_95' title='bbox 1189 1083 1291 1152; x_wconf 51' lang='lat' dir='ltr'>dm</span> <span class='ocrx_word' id='word_1_96' title='bbox 1340 1035 1462 1112; x_wconf 86' lang='lat' dir='ltr'>multis</span> <span class='ocrx_word' id='word_1_97' title='bbox 1480 1039 1552 1108; x_wconf 90' lang='lat' dir='ltr'>iarn</span> <span class='ocrx_word' id='word_1_98' title='bbox 1568 1040 1671 1109; x_wconf 89' lang='lat' dir='ltr'>annis</span> <span class='ocrx_word' id='word_1_99' title='bbox 1685 1065 1823 1115; x_wconf 87' lang='lat' dir='ltr'>servare</span> <span class='ocrx_word' id='word_1_100' title='bbox 1838 1045 1991 1134; x_wconf 88' lang='lat' dir='ltr'>solebat,</span> <span class='ocrx_word' id='word_1_101' title='bbox 2018 1071 2088 1142; x_wconf 90' lang='lat' dir='ltr'>qua</span> <span class='ocrx_word' id='word_1_102' title='bbox 2108 1067 2202 1122; x_wconf 86' lang='lat' dir='ltr'>saera</span> <span class='ocrx_word' id='word_1_103' title='bbox 2224 1073 2337 1122; x_wconf 88' lang='lat' dir='ltr'>corn-</span> 
     </span>
     <span class='ocr_line' id='line_1_10' title="bbox 301 1133 2338 1272; baseline 0.006 -65"><span class='ocrx_word' id='word_1_104' title='bbox 301 1204 379 1256; x_wconf 57' lang='lat' dir='ltr'>me</span> <span class='ocrx_word' id='word_1_105' title='bbox 400 1133 566 1258; x_wconf 53' lang='lat' dir='ltr'>no&#39;luerib</span> <span class='ocrx_word' id='word_1_106' title='bbox 618 1179 687 1252; x_wconf 55' lang='lat' dir='ltr'>Die</span> <span class='ocrx_word' id='word_1_107' title='bbox 711 1151 944 1253; x_wconf 50' lang='lat' dir='ltr'>enimam</span> <span class='ocrx_word' id='word_1_108' title='bbox 968 1193 1291 1272; x_wconf 53' lang='lat' dir='ltr'><strong>mmmmm</strong></span> <span class='ocrx_word' id='word_1_109' title='bbox 1341 1140 1512 1232; x_wconf 87' lang='lat' dir='ltr'>munione</span> <span class='ocrx_word' id='word_1_110' title='bbox 1527 1151 1728 1262; x_wconf 58' lang='lat' dir='ltr'>meretum·</span> <span class='ocrx_word' id='word_1_111' title='bbox 1754 1143 1877 1240; x_wconf 90' lang='lat' dir='ltr'>ltaque</span> <span class='ocrx_word' id='word_1_112' title='bbox 1898 1149 1944 1218; x_wconf 89' lang='lat' dir='ltr'>ad</span> <span class='ocrx_word' id='word_1_113' title='bbox 1961 1148 2169 1220; x_wconf 89' lang='lat' dir='ltr'>concionem</span> <span class='ocrx_word' id='word_1_114' title='bbox 2182 1151 2222 1220; x_wconf 90' lang='lat' dir='ltr'>in</span> <span class='ocrx_word' id='word_1_115' title='bbox 2236 1163 2338 1222; x_wconf 88' lang='lat' dir='ltr'>tern-</span> 
     </span>
     <span class='ocr_line' id='line_1_11' title="bbox 301 1237 2337 1376; baseline -0.001 -22"><span class='ocrx_word' id='word_1_116' title='bbox 301 1300 342 1361; x_wconf 87' lang='lat' dir='ltr'>ut</span> <span class='ocrx_word' id='word_1_117' title='bbox 357 1284 582 1367; x_wconf 86' lang='lat' dir='ltr'>narrabitur,</span> <span class='ocrx_word' id='word_1_118' title='bbox 606 1251 696 1376; x_wconf 88' lang='lat' dir='ltr'>qnae</span> <span class='ocrx_word' id='word_1_119' title='bbox 712 1281 902 1354; x_wconf 79' lang='lat' dir='ltr'><strong>celebratio</strong></span> <span class='ocrx_word' id='word_1_120' title='bbox 918 1282 962 1352; x_wconf 88' lang='lat' dir='ltr'>ad</span> <span class='ocrx_word' id='word_1_121' title='bbox 980 1282 1073 1352; x_wconf 90' lang='lat' dir='ltr'>vitae</span> <span class='ocrx_word' id='word_1_122' title='bbox 1087 1283 1198 1374; x_wconf 89' lang='lat' dir='ltr'>ipsius</span> <span class='ocrx_word' id='word_1_123' title='bbox 1215 1307 1289 1354; x_wconf 93' lang='lat' dir='ltr'>non</span> <span class='ocrx_word' id='word_1_124' title='bbox 1341 1237 1440 1335; x_wconf 71' lang='lat' dir='ltr'>plum</span> <span class='ocrx_word' id='word_1_125' title='bbox 1455 1243 1825 1366; x_wconf 56' lang='lat' dir='ltr'>f&#39;lll&#39;fflldfsffffldllfl</span> <span class='ocrx_word' id='word_1_126' title='bbox 1841 1251 2091 1370; x_wconf 50' lang='lat' dir='ltr'>myllellfflmp</span> <span class='ocrx_word' id='word_1_127' title='bbox 2111 1251 2337 1372; x_wconf 49' lang='lat' dir='ltr'>⁰⁰fip⁰flffif²</span> 
     </span>
     <span class='ocr_line' id='line_1_12' title="bbox 302 1337 2339 1478; baseline 0.006 -67"><span class='ocrx_word' id='word_1_128' title='bbox 302 1379 628 1465; x_wconf 41' lang='lat' dir='ltr'>monishmoriam</span> <span class='ocrx_word' id='word_1_129' title='bbox 651 1384 822 1474; x_wconf 50' lang='lat' dir='ltr'>pertinet,</span> <span class='ocrx_word' id='word_1_130' title='bbox 847 1398 882 1454; x_wconf 54' lang='lat' dir='ltr'>et</span> <span class='ocrx_word' id='word_1_131' title='bbox 900 1384 948 1452; x_wconf 51' lang='lat' dir='ltr'>ab</span> <span class='ocrx_word' id='word_1_132' title='bbox 972 1384 1051 1456; x_wconf 42' lang='lat' dir='ltr'>ama</span> <span class='ocrx_word' id='word_1_133' title='bbox 1076 1385 1164 1456; x_wconf 57' lang='lat' dir='ltr'>alibi</span> <span class='ocrx_word' id='word_1_134' title='bbox 1188 1409 1291 1478; x_wconf 45' lang='lat' dir='ltr'>pm„</span> <span class='ocrx_word' id='word_1_135' title='bbox 1341 1365 1523 1438; x_wconf 84' lang='lat' dir='ltr'>sangnrms</span> <span class='ocrx_word' id='word_1_136' title='bbox 1539 1337 1673 1418; x_wconf 81' lang='lat' dir='ltr'>Chrrstr</span> <span class='ocrx_word' id='word_1_137' title='bbox 1696 1347 1837 1475; x_wconf 88' lang='lat' dir='ltr'>publrce</span> <span class='ocrx_word' id='word_1_138' title='bbox 1863 1373 1943 1421; x_wconf 93' lang='lat' dir='ltr'>cum</span> <span class='ocrx_word' id='word_1_139' title='bbox 1968 1353 2091 1424; x_wconf 87' lang='lat' dir='ltr'>multrs</span> <span class='ocrx_word' id='word_1_140' title='bbox 2118 1353 2197 1424; x_wconf 87' lang='lat' dir='ltr'>alus</span> <span class='ocrx_word' id='word_1_141' title='bbox 2215 1367 2339 1446; x_wconf 85' lang='lat' dir='ltr'>partr-</span> 
     </span>
     <span class='ocr_line' id='line_1_13' title="bbox 303 1445 1934 1584; baseline -0.003 -24"><span class='ocrx_word' id='word_1_142' title='bbox 303 1489 467 1560; x_wconf 88' lang='lat' dir='ltr'>stabitur.</span> <span class='ocrx_word' id='word_1_143' title='bbox 518 1484 604 1555; x_wconf 83' lang='lat' dir='ltr'><strong>Post</strong></span> <span class='ocrx_word' id='word_1_144' title='bbox 626 1485 812 1554; x_wconf 80' lang='lat' dir='ltr'>meridiem</span> <span class='ocrx_word' id='word_1_145' title='bbox 834 1484 987 1556; x_wconf 91' lang='lat' dir='ltr'>scribere</span> <span class='ocrx_word' id='word_1_146' title='bbox 1009 1486 1159 1578; x_wconf 82' lang='lat' dir='ltr'>incepit,</span> <span class='ocrx_word' id='word_1_147' title='bbox 1192 1487 1290 1580; x_wconf 89' lang='lat' dir='ltr'>quod</span> <span class='ocrx_word' id='word_1_148' title='bbox 1343 1445 1550 1538; x_wconf 65' lang='lat' dir='ltr'>⁰²P⁵f³⁰l¹¹⁸</span> <span class='ocrx_word' id='word_1_149' title='bbox 1567 1460 1629 1518; x_wconf 62' lang='lat'>⁰⁵²·</span> <span class='ocrx_word' id='word_1_150' title='bbox 1746 1563 1934 1584; x_wconf 55' lang='lat'><strong>...—</strong></span> 
     </span>
    </p>

    <p class='ocr_par' dir='ltr' id='par_1_8' title="bbox 277 1582 1938 1666">
     <span class='ocr_line' id='line_1_14' title="bbox 277 1582 1938 1666; baseline -0.001 -6"><span class='ocrx_word' id='word_1_151' title='bbox 277 1613 284 1616; x_wconf 89' lang='lat'>·</span> <span class='ocrx_word' id='word_1_152' title='bbox 302 1593 361 1666; x_wconf 85' lang='lat' dir='ltr'>die</span> <span class='ocrx_word' id='word_1_153' title='bbox 375 1582 566 1664; x_wconf 85' lang='lat' dir='ltr'>Pascbatos</span> <span class='ocrx_word' id='word_1_154' title='bbox 586 1608 685 1656; x_wconf 89' lang='lat' dir='ltr'>more</span> <span class='ocrx_word' id='word_1_155' title='bbox 701 1583 913 1658; x_wconf 77' lang='lat' dir='ltr'>Academiae</span> <span class='ocrx_word' id='word_1_156' title='bbox 933 1599 968 1656; x_wconf 93' lang='lat' dir='ltr'>et</span> <span class='ocrx_word' id='word_1_157' title='bbox 983 1583 1161 1660; x_wconf 83' lang='lat' dir='ltr'>Ecclesiae</span> <span class='ocrx_word' id='word_1_158' title='bbox 1182 1582 1291 1660; x_wconf 87' lang='lat' dir='ltr'>buius</span> <span class='ocrx_word' id='word_1_159' title='bbox 1935 1639 1938 1646; x_wconf 80' lang='lat'>·</span> 
     </span>
    </p>

    <p class='ocr_par' dir='ltr' id='par_1_9' title="bbox 228 1679 2413 4321">
     <span class='ocr_line' id='line_1_15' title="bbox 304 1679 2336 1784; baseline 0.003 -25"><span class='ocrx_word' id='word_1_160' title='bbox 304 1689 500 1766; x_wconf 87' lang='lat' dir='ltr'>solenniter</span> <span class='ocrx_word' id='word_1_161' title='bbox 519 1701 789 1780; x_wconf 78' lang='lat' dir='ltr'>proponeretur.</span> <span class='ocrx_word' id='word_1_162' title='bbox 850 1687 903 1758; x_wconf 89' lang='lat' dir='ltr'>De</span> <span class='ocrx_word' id='word_1_163' title='bbox 928 1689 1075 1760; x_wconf 88' lang='lat' dir='ltr'>caeteris</span> <span class='ocrx_word' id='word_1_164' title='bbox 1099 1685 1193 1760; x_wconf 87' lang='lat' dir='ltr'>nihil</span> <span class='ocrx_word' id='word_1_165' title='bbox 1216 1711 1293 1758; x_wconf 84' lang='lat' dir='ltr'>rna-</span> <span class='ocrx_word' id='word_1_166' title='bbox 1445 1679 1537 1754; x_wconf 87' lang='lat' dir='ltr'>Cum</span> <span class='ocrx_word' id='word_1_167' title='bbox 1550 1683 1777 1778; x_wconf 80' lang='lat' dir='ltr'>insemptum</span> <span class='ocrx_word' id='word_1_168' title='bbox 1794 1688 2021 1760; x_wconf 75' lang='lat' dir='ltr'>descenderet</span> <span class='ocrx_word' id='word_1_169' title='bbox 2042 1689 2136 1761; x_wconf 88' lang='lat' dir='ltr'>illud</span> <span class='ocrx_word' id='word_1_170' title='bbox 2157 1691 2336 1784; x_wconf 84' lang='lat' dir='ltr'>scripturn</span> 
     </span>
     <span class='ocr_line' id='line_1_16' title="bbox 302 1781 2338 1888; baseline -0.007 -20"><span class='ocrx_word' id='word_1_171' title='bbox 302 1793 483 1868; x_wconf 83' lang='lat' dir='ltr'>minimus.</span> <span class='ocrx_word' id='word_1_172' title='bbox 542 1789 623 1864; x_wconf 88' lang='lat' dir='ltr'>Sub</span> <span class='ocrx_word' id='word_1_173' title='bbox 647 1803 789 1870; x_wconf 86' lang='lat' dir='ltr'>noctem</span> <span class='ocrx_word' id='word_1_174' title='bbox 819 1781 926 1860; x_wconf 91' lang='lat' dir='ltr'>huius</span> <span class='ocrx_word' id='word_1_175' title='bbox 947 1790 1021 1860; x_wconf 89' lang='lat' dir='ltr'>diei</span> <span class='ocrx_word' id='word_1_176' title='bbox 1042 1791 1137 1862; x_wconf 87' lang='lat' dir='ltr'>inter</span> <span class='ocrx_word' id='word_1_177' title='bbox 1158 1813 1305 1862; x_wconf 77' lang='lat' dir='ltr'>nonam,</span> <span class='ocrx_word' id='word_1_178' title='bbox 1343 1785 1438 1878; x_wconf 89' lang='lat' dir='ltr'>quod</span> <span class='ocrx_word' id='word_1_179' title='bbox 1456 1790 1729 1880; x_wconf 89' lang='lat' dir='ltr'>proponendum</span> <span class='ocrx_word' id='word_1_180' title='bbox 1742 1788 1896 1860; x_wconf 86' lang='lat' dir='ltr'>diximus</span> <span class='ocrx_word' id='word_1_181' title='bbox 1913 1789 1952 1860; x_wconf 90' lang='lat' dir='ltr'>in</span> <span class='ocrx_word' id='word_1_182' title='bbox 1969 1789 2147 1862; x_wconf 86' lang='lat' dir='ltr'>officinam</span> <span class='ocrx_word' id='word_1_183' title='bbox 2163 1806 2338 1888; x_wconf 83' lang='lat' dir='ltr'>typogta.</span> 
     </span>
     <span class='ocr_line' id='line_1_17' title="bbox 304 1881 2337 1986; baseline 0.002 -22"><span class='ocrx_word' id='word_1_184' title='bbox 304 1907 339 1968; x_wconf 86' lang='lat' dir='ltr'>et</span> <span class='ocrx_word' id='word_1_185' title='bbox 364 1893 537 1967; x_wconf 88' lang='lat' dir='ltr'>decimam</span> <span class='ocrx_word' id='word_1_186' title='bbox 560 1892 666 1962; x_wconf 88' lang='lat' dir='ltr'>multi</span> <span class='ocrx_word' id='word_1_187' title='bbox 689 1905 773 1962; x_wconf 92' lang='lat' dir='ltr'>sunt</span> <span class='ocrx_word' id='word_1_188' title='bbox 795 1890 875 1958; x_wconf 84' lang='lat' dir='ltr'>fide.</span> <span class='ocrx_word' id='word_1_189' title='bbox 889 1891 989 1982; x_wconf 83' lang='lat' dir='ltr'>digni</span> <span class='ocrx_word' id='word_1_190' title='bbox 1013 1887 1195 1975; x_wconf 89' lang='lat' dir='ltr'>homines,</span> <span class='ocrx_word' id='word_1_191' title='bbox 1228 1890 1292 1986; x_wconf 89' lang='lat' dir='ltr'>qui</span> <span class='ocrx_word' id='word_1_192' title='bbox 1343 1881 1485 1976; x_wconf 84' lang='lat' dir='ltr'>phiram</span> <span class='ocrx_word' id='word_1_193' title='bbox 1509 1889 1609 1982; x_wconf 90' lang='lat' dir='ltr'>prius</span> <span class='ocrx_word' id='word_1_194' title='bbox 1632 1889 1761 1962; x_wconf 89' lang='lat' dir='ltr'>detulit</span> <span class='ocrx_word' id='word_1_195' title='bbox 1790 1914 1898 1984; x_wconf 90' lang='lat' dir='ltr'>quam</span> <span class='ocrx_word' id='word_1_196' title='bbox 1920 1893 1964 1962; x_wconf 89' lang='lat' dir='ltr'>ad</span> <span class='ocrx_word' id='word_1_197' title='bbox 1987 1893 2157 1986; x_wconf 79' lang='lat' dir='ltr'>tempium</span> <span class='ocrx_word' id='word_1_198' title='bbox 2180 1896 2337 1970; x_wconf 86' lang='lat' dir='ltr'>veniret.</span> 
     </span>
     <span class='ocr_line' id='line_1_18' title="bbox 303 1985 2342 2085; baseline -0 -16"><span class='ocrx_word' id='word_1_199' title='bbox 303 1996 483 2074; x_wconf 82' lang='lat' dir='ltr'>affirmant</span> <span class='ocrx_word' id='word_1_200' title='bbox 514 2017 551 2064; x_wconf 87' lang='lat' dir='ltr'>se</span> <span class='ocrx_word' id='word_1_201' title='bbox 582 1994 620 2062; x_wconf 90' lang='lat' dir='ltr'>in</span> <span class='ocrx_word' id='word_1_202' title='bbox 650 1993 808 2062; x_wconf 91' lang='lat' dir='ltr'>nubibus</span> <span class='ocrx_word' id='word_1_203' title='bbox 836 2013 943 2084; x_wconf 85' lang='lat' dir='ltr'>supra</span> <span class='ocrx_word' id='word_1_204' title='bbox 965 1994 1140 2084; x_wconf 88' lang='lat' dir='ltr'>oppidum</span> <span class='ocrx_word' id='word_1_205' title='bbox 1165 1991 1292 2065; x_wconf 86' lang='lat' dir='ltr'>Wite·</span> <span class='ocrx_word' id='word_1_206' title='bbox 1344 1985 1500 2072; x_wconf 84' lang='lat' dir='ltr'>Domum</span> <span class='ocrx_word' id='word_1_207' title='bbox 1533 2013 1714 2072; x_wconf 88' lang='lat' dir='ltr'>reversus,</span> <span class='ocrx_word' id='word_1_208' title='bbox 1753 1990 1793 2060; x_wconf 91' lang='lat' dir='ltr'>in</span> <span class='ocrx_word' id='word_1_209' title='bbox 1827 1993 1978 2084; x_wconf 85' lang='lat' dir='ltr'>prandio</span> <span class='ocrx_word' id='word_1_210' title='bbox 2012 2016 2138 2085; x_wconf 86' lang='lat' dir='ltr'>parurn</span> <span class='ocrx_word' id='word_1_211' title='bbox 2166 1999 2342 2084; x_wconf 87' lang='lat' dir='ltr'>comedit,</span> 
     </span>
     <span class='ocr_line' id='line_1_19' title="bbox 303 2089 2342 2188; baseline 0 -20"><span class='ocrx_word' id='word_1_212' title='bbox 303 2099 450 2188; x_wconf 89' lang='lat' dir='ltr'>bergam</span> <span class='ocrx_word' id='word_1_213' title='bbox 478 2096 699 2168; x_wconf 78' lang='lat' dir='ltr'>manifestam</span> <span class='ocrx_word' id='word_1_214' title='bbox 732 2093 884 2184; x_wconf 90' lang='lat' dir='ltr'>speciem</span> <span class='ocrx_word' id='word_1_215' title='bbox 906 2094 1088 2184; x_wconf 81' lang='lat' dir='ltr'>virgarum</span> <span class='ocrx_word' id='word_1_216' title='bbox 1107 2096 1145 2164; x_wconf 90' lang='lat' dir='ltr'>in</span> <span class='ocrx_word' id='word_1_217' title='bbox 1170 2115 1293 2186; x_wconf 89' lang='lat' dir='ltr'>scopas</span> <span class='ocrx_word' id='word_1_218' title='bbox 1343 2115 1427 2160; x_wconf 83' lang='lat' dir='ltr'>mox</span> <span class='ocrx_word' id='word_1_219' title='bbox 1442 2089 1594 2182; x_wconf 78' lang='lat' dir='ltr'>languor</span> <span class='ocrx_word' id='word_1_220' title='bbox 1608 2115 1791 2183; x_wconf 75' lang='lat' dir='ltr'>augescere</span> <span class='ocrx_word' id='word_1_221' title='bbox 1806 2106 1841 2164; x_wconf 90' lang='lat' dir='ltr'>ct</span> <span class='ocrx_word' id='word_1_222' title='bbox 1857 2108 1993 2166; x_wconf 88' lang='lat' dir='ltr'>caetera</span> <span class='ocrx_word' id='word_1_223' title='bbox 2005 2095 2125 2166; x_wconf 90' lang='lat' dir='ltr'>omnia</span> <span class='ocrx_word' id='word_1_224' title='bbox 2147 2096 2258 2184; x_wconf 70' lang='lat' dir='ltr'>febris</span> <span class='ocrx_word' id='word_1_225' title='bbox 2275 2123 2342 2170; x_wconf 81' lang='lat' dir='ltr'>rc-</span> 
     </span>
     <span class='ocr_line' id='line_1_20' title="bbox 303 2189 2340 2290; baseline 0 -20"><span class='ocrx_word' id='word_1_226' title='bbox 303 2200 551 2288; x_wconf 87' lang='lat' dir='ltr'>colligatarum</span> <span class='ocrx_word' id='word_1_227' title='bbox 571 2195 720 2280; x_wconf 90' lang='lat' dir='ltr'>vidisse,</span> <span class='ocrx_word' id='word_1_228' title='bbox 751 2196 967 2286; x_wconf 57' lang='lat' dir='ltr'>ct’pri&#39;mum</span> <span class='ocrx_word' id='word_1_229' title='bbox 991 2197 1149 2290; x_wconf 89' lang='lat' dir='ltr'>quinque</span> <span class='ocrx_word' id='word_1_230' title='bbox 1173 2196 1294 2278; x_wconf 82' lang='lat' dir='ltr'>fasces,</span> <span class='ocrx_word' id='word_1_231' title='bbox 1344 2189 1544 2278; x_wconf 86' lang='lat' dir='ltr'>cursionem</span> <span class='ocrx_word' id='word_1_232' title='bbox 1559 2207 1689 2266; x_wconf 87' lang='lat' dir='ltr'>certam</span> <span class='ocrx_word' id='word_1_233' title='bbox 1705 2192 1912 2283; x_wconf 82' lang='lat' dir='ltr'>significare.</span> <span class='ocrx_word' id='word_1_234' title='bbox 1962 2193 2048 2268; x_wconf 86' lang='lat' dir='ltr'>Post</span> <span class='ocrx_word' id='word_1_235' title='bbox 2062 2196 2247 2276; x_wconf 86' lang='lat' dir='ltr'>meridiem</span> <span class='ocrx_word' id='word_1_236' title='bbox 2262 2195 2340 2270; x_wconf 89' lang='lat' dir='ltr'>ho·</span> 
     </span>
     <span class='ocr_line' id='line_1_21' title="bbox 307 2292 2343 2396; baseline -0.001 -24"><span class='ocrx_word' id='word_1_237' title='bbox 307 2302 368 2372; x_wconf 88' lang='lat' dir='ltr'>aed</span> <span class='ocrx_word' id='word_1_238' title='bbox 394 2299 534 2372; x_wconf 84' lang='lat' dir='ltr'>duobus</span> <span class='ocrx_word' id='word_1_239' title='bbox 566 2295 715 2368; x_wconf 87' lang='lat' dir='ltr'>celerius</span> <span class='ocrx_word' id='word_1_240' title='bbox 741 2298 1048 2380; x_wconf 75' lang='lat' dir='ltr'>evanescentibus,</span> <span class='ocrx_word' id='word_1_241' title='bbox 1078 2309 1199 2390; x_wconf 91' lang='lat' dir='ltr'>postea</span> <span class='ocrx_word' id='word_1_242' title='bbox 1222 2311 1294 2370; x_wconf 86' lang='lat' dir='ltr'>tres</span> <span class='ocrx_word' id='word_1_243' title='bbox 1344 2317 1421 2365; x_wconf 86' lang='lat' dir='ltr'>ram</span> <span class='ocrx_word' id='word_1_244' title='bbox 1445 2292 1586 2367; x_wconf 79' lang='lat' dir='ltr'>circiter</span> <span class='ocrx_word' id='word_1_245' title='bbox 1607 2295 1798 2366; x_wconf 88' lang='lat' dir='ltr'>secundam</span> <span class='ocrx_word' id='word_1_246' title='bbox 1818 2295 1948 2366; x_wconf 92' lang='lat' dir='ltr'>iterum</span> <span class='ocrx_word' id='word_1_247' title='bbox 1970 2297 2008 2368; x_wconf 87' lang='lat' dir='ltr'>in</span> <span class='ocrx_word' id='word_1_248' title='bbox 2029 2297 2205 2370; x_wconf 87' lang='lat' dir='ltr'>officinam</span> <span class='ocrx_word' id='word_1_249' title='bbox 2225 2313 2343 2396; x_wconf 85' lang='lat' dir='ltr'>typo-</span> 
     </span>
     <span class='ocr_line' id='line_1_22' title="bbox 307 2385 2343 2493; baseline 0.001 -20"><span class='ocrx_word' id='word_1_250' title='bbox 307 2399 486 2473; x_wconf 87' lang='lat' dir='ltr'>distinetis</span> <span class='ocrx_word' id='word_1_251' title='bbox 502 2399 629 2490; x_wconf 83' lang='lat' dir='ltr'>spaciis</span> <span class='ocrx_word' id='word_1_252' title='bbox 644 2397 866 2490; x_wconf 86' lang='lat' dir='ltr'>apparuisse,</span> <span class='ocrx_word' id='word_1_253' title='bbox 892 2399 941 2470; x_wconf 92' lang='lat' dir='ltr'>ita</span> <span class='ocrx_word' id='word_1_254' title='bbox 955 2414 994 2472; x_wconf 92' lang='lat' dir='ltr'>ut</span> <span class='ocrx_word' id='word_1_255' title='bbox 1006 2401 1097 2470; x_wconf 90' lang='lat' dir='ltr'>rami</span> <span class='ocrx_word' id='word_1_256' title='bbox 1113 2401 1293 2490; x_wconf 86' lang='lat' dir='ltr'>virgarum</span> <span class='ocrx_word' id='word_1_257' title='bbox 1345 2385 1550 2487; x_wconf 88' lang='lat' dir='ltr'>graphicam</span> <span class='ocrx_word' id='word_1_258' title='bbox 1563 2395 1679 2482; x_wconf 78' lang='lat' dir='ltr'>abiit,</span> <span class='ocrx_word' id='word_1_259' title='bbox 1692 2409 1734 2468; x_wconf 93' lang='lat' dir='ltr'>ut</span> <span class='ocrx_word' id='word_1_260' title='bbox 1747 2395 1884 2468; x_wconf 90' lang='lat' dir='ltr'>videret</span> <span class='ocrx_word' id='word_1_261' title='bbox 1898 2399 1985 2492; x_wconf 91' lang='lat' dir='ltr'>quid</span> <span class='ocrx_word' id='word_1_262' title='bbox 2006 2411 2040 2470; x_wconf 90' lang='lat' dir='ltr'>et</span> <span class='ocrx_word' id='word_1_263' title='bbox 2053 2403 2233 2493; x_wconf 89' lang='lat' dir='ltr'>quomodo</span> <span class='ocrx_word' id='word_1_264' title='bbox 2257 2403 2343 2478; x_wconf 87' lang='lat' dir='ltr'>ela-</span> 
     </span>
     <span class='ocr_line' id='line_1_23' title="bbox 308 2495 2340 2596; baseline -0.001 -22"><span class='ocrx_word' id='word_1_265' title='bbox 308 2525 370 2574; x_wconf 88' lang='lat' dir='ltr'>seu</span> <span class='ocrx_word' id='word_1_266' title='bbox 394 2524 580 2593; x_wconf 89' lang='lat' dir='ltr'>scoparum</span> <span class='ocrx_word' id='word_1_267' title='bbox 601 2513 702 2592; x_wconf 90' lang='lat' dir='ltr'>parte</span> <span class='ocrx_word' id='word_1_268' title='bbox 726 2501 904 2572; x_wconf 91' lang='lat' dir='ltr'>anteriore</span> <span class='ocrx_word' id='word_1_269' title='bbox 919 2502 1173 2592; x_wconf 82' lang='lat' dir='ltr'>septentrioni,</span> <span class='ocrx_word' id='word_1_270' title='bbox 1222 2498 1294 2570; x_wconf 89' lang='lat' dir='ltr'>Po·</span> <span class='ocrx_word' id='word_1_271' title='bbox 1345 2499 1549 2582; x_wconf 86' lang='lat' dir='ltr'>borarctur,</span> <span class='ocrx_word' id='word_1_272' title='bbox 1573 2521 1619 2568; x_wconf 88' lang='lat' dir='ltr'>ne</span> <span class='ocrx_word' id='word_1_273' title='bbox 1633 2495 1665 2568; x_wconf 90' lang='lat' dir='ltr'>si</span> <span class='ocrx_word' id='word_1_274' title='bbox 1680 2498 1897 2570; x_wconf 87' lang='lat' dir='ltr'>cessantibus</span> <span class='ocrx_word' id='word_1_275' title='bbox 1911 2499 2030 2590; x_wconf 89' lang='lat' dir='ltr'>operis</span> <span class='ocrx_word' id='word_1_276' title='bbox 2043 2502 2151 2574; x_wconf 89' lang='lat' dir='ltr'>editio</span> <span class='ocrx_word' id='word_1_277' title='bbox 2174 2502 2340 2596; x_wconf 89' lang='lat' dir='ltr'>impedi-</span> 
     </span>
     <span class='ocr_line' id='line_1_24' title="bbox 308 2597 2344 2695; baseline 0.001 -21"><span class='ocrx_word' id='word_1_278' title='bbox 308 2603 456 2676; x_wconf 89' lang='lat' dir='ltr'>steriore</span> <span class='ocrx_word' id='word_1_279' title='bbox 490 2624 561 2695; x_wconf 90' lang='lat' dir='ltr'>qna</span> <span class='ocrx_word' id='word_1_280' title='bbox 591 2601 823 2691; x_wconf 90' lang='lat' dir='ltr'>colligantur,</span> <span class='ocrx_word' id='word_1_281' title='bbox 859 2616 980 2674; x_wconf 90' lang='lat' dir='ltr'>austro</span> <span class='ocrx_word' id='word_1_282' title='bbox 1012 2603 1295 2674; x_wconf 81' lang='lat' dir='ltr'>obverterentur·</span> <span class='ocrx_word' id='word_1_283' title='bbox 1345 2610 1444 2670; x_wconf 86' lang='lat' dir='ltr'>retur</span> <span class='ocrx_word' id='word_1_284' title='bbox 1467 2598 1634 2670; x_wconf 87' lang='lat' dir='ltr'>inusitata</span> <span class='ocrx_word' id='word_1_285' title='bbox 1651 2599 1690 2670; x_wconf 89' lang='lat' dir='ltr'>in</span> <span class='ocrx_word' id='word_1_286' title='bbox 1707 2597 1897 2670; x_wconf 88' lang='lat' dir='ltr'>Academia</span> <span class='ocrx_word' id='word_1_287' title='bbox 1920 2601 2124 2674; x_wconf 89' lang='lat' dir='ltr'>deformitas</span> <span class='ocrx_word' id='word_1_288' title='bbox 2136 2617 2344 2688; x_wconf 86' lang='lat' dir='ltr'>notaretur,</span> 
     </span>
     <span class='ocr_line' id='line_1_25' title="bbox 307 2696 2344 2799; baseline -0 -22"><span class='ocrx_word' id='word_1_289' title='bbox 307 2707 363 2778; x_wconf 86' lang='lat' dir='ltr'>De</span> <span class='ocrx_word' id='word_1_290' title='bbox 377 2729 448 2799; x_wconf 85' lang='lat' dir='ltr'>quo</span> <span class='ocrx_word' id='word_1_291' title='bbox 461 2703 625 2797; x_wconf 86' lang='lat' dir='ltr'>prodigio</span> <span class='ocrx_word' id='word_1_292' title='bbox 642 2697 722 2774; x_wconf 84' lang='lat' dir='ltr'>crim</span> <span class='ocrx_word' id='word_1_293' title='bbox 739 2699 784 2774; x_wconf 90' lang='lat' dir='ltr'>D.</span> <span class='ocrx_word' id='word_1_294' title='bbox 804 2697 992 2796; x_wconf 83' lang='lat' dir='ltr'>Philippus</span> <span class='ocrx_word' id='word_1_295' title='bbox 1008 2705 1220 2787; x_wconf 84' lang='lat' dir='ltr'>audivisset,</span> <span class='ocrx_word' id='word_1_296' title='bbox 1245 2703 1294 2774; x_wconf 86' lang='lat' dir='ltr'>ita</span> <span class='ocrx_word' id='word_1_297' title='bbox 1334 2696 1381 2772; x_wconf 74' lang='lat' dir='ltr'>⁴et</span> <span class='ocrx_word' id='word_1_298' title='bbox 1391 2699 1549 2771; x_wconf 90' lang='lat' dir='ltr'>debitum</span> <span class='ocrx_word' id='word_1_299' title='bbox 1566 2701 1643 2772; x_wconf 91' lang='lat' dir='ltr'>cius</span> <span class='ocrx_word' id='word_1_300' title='bbox 1658 2699 1730 2772; x_wconf 89' lang='lat' dir='ltr'>diei</span> <span class='ocrx_word' id='word_1_301' title='bbox 1744 2713 1779 2790; x_wconf 81' lang='lat' dir='ltr'>et</span> <span class='ocrx_word' id='word_1_302' title='bbox 1794 2702 1960 2792; x_wconf 89' lang='lat' dir='ltr'>temporis</span> <span class='ocrx_word' id='word_1_303' title='bbox 1969 2703 2126 2776; x_wconf 81' lang='lat' dir='ltr'>officium</span> <span class='ocrx_word' id='word_1_304' title='bbox 2142 2727 2215 2774; x_wconf 91' lang='lat' dir='ltr'>non</span> <span class='ocrx_word' id='word_1_305' title='bbox 2229 2730 2344 2798; x_wconf 82' lang='lat' dir='ltr'>prae-</span> 
     </span>
     <span class='ocr_line' id='line_1_26' title="bbox 308 2801 2345 2898; baseline -0 -17"><span class='ocrx_word' id='word_1_306' title='bbox 308 2803 378 2881; x_wconf 89' lang='lat' dir='ltr'>boc</span> <span class='ocrx_word' id='word_1_307' title='bbox 401 2807 660 2897; x_wconf 76' lang='lat' dir='ltr'>interpretatus</span> <span class='ocrx_word' id='word_1_308' title='bbox 676 2805 764 2885; x_wconf 84' lang='lat' dir='ltr'>luit,</span> <span class='ocrx_word' id='word_1_309' title='bbox 794 2819 834 2876; x_wconf 90' lang='lat' dir='ltr'>ut</span> <span class='ocrx_word' id='word_1_310' title='bbox 866 2807 997 2876; x_wconf 87' lang='lat' dir='ltr'>diceret</span> <span class='ocrx_word' id='word_1_311' title='bbox 1030 2807 1134 2876; x_wconf 90' lang='lat' dir='ltr'>nobis</span> <span class='ocrx_word' id='word_1_312' title='bbox 1166 2825 1295 2897; x_wconf 91' lang='lat' dir='ltr'>paenas</span> <span class='ocrx_word' id='word_1_313' title='bbox 1346 2815 1517 2886; x_wconf 87' lang='lat' dir='ltr'>staretur,</span> <span class='ocrx_word' id='word_1_314' title='bbox 1547 2816 1652 2896; x_wconf 91' lang='lat' dir='ltr'>atque</span> <span class='ocrx_word' id='word_1_315' title='bbox 1687 2801 1726 2870; x_wconf 91' lang='lat' dir='ltr'>in</span> <span class='ocrx_word' id='word_1_316' title='bbox 1747 2802 1900 2894; x_wconf 90' lang='lat' dir='ltr'>publicis</span> <span class='ocrx_word' id='word_1_317' title='bbox 1932 2803 2085 2894; x_wconf 87' lang='lat' dir='ltr'>negotiis</span> <span class='ocrx_word' id='word_1_318' title='bbox 2120 2806 2345 2898; x_wconf 83' lang='lat' dir='ltr'>negligentia</span> 
     </span>
     <span class='ocr_line' id='line_1_27' title="bbox 308 2897 2346 3003; baseline -0 -22"><span class='ocrx_word' id='word_1_319' title='bbox 308 2909 477 3003; x_wconf 89' lang='lat' dir='ltr'>portendi</span> <span class='ocrx_word' id='word_1_320' title='bbox 490 2921 666 2998; x_wconf 87' lang='lat' dir='ltr'>paternas,</span> <span class='ocrx_word' id='word_1_321' title='bbox 691 2907 774 3000; x_wconf 90' lang='lat' dir='ltr'>quia</span> <span class='ocrx_word' id='word_1_322' title='bbox 789 2907 908 2997; x_wconf 88' lang='lat' dir='ltr'>virgae</span> <span class='ocrx_word' id='word_1_323' title='bbox 925 2921 1060 2993; x_wconf 88' lang='lat' dir='ltr'>essent,</span> <span class='ocrx_word' id='word_1_324' title='bbox 1086 2908 1216 3002; x_wconf 90' lang='lat' dir='ltr'>quibus</span> <span class='ocrx_word' id='word_1_325' title='bbox 1232 2928 1296 2997; x_wconf 86' lang='lat' dir='ltr'>pa·</span> <span class='ocrx_word' id='word_1_326' title='bbox 1347 2903 1472 2995; x_wconf 83' lang='lat' dir='ltr'>aliqua</span> <span class='ocrx_word' id='word_1_327' title='bbox 1487 2901 1621 2996; x_wconf 86' lang='lat' dir='ltr'>culpari</span> <span class='ocrx_word' id='word_1_328' title='bbox 1646 2915 1780 2996; x_wconf 89' lang='lat' dir='ltr'>posset,</span> <span class='ocrx_word' id='word_1_329' title='bbox 1812 2897 1900 2974; x_wconf 85' lang='lat' dir='ltr'>haec</span> <span class='ocrx_word' id='word_1_330' title='bbox 1924 2905 2050 2977; x_wconf 91' lang='lat' dir='ltr'>ultima</span> <span class='ocrx_word' id='word_1_331' title='bbox 2081 2906 2178 2978; x_wconf 90' lang='lat' dir='ltr'>illius</span> <span class='ocrx_word' id='word_1_332' title='bbox 2200 2909 2272 2980; x_wconf 84' lang='lat' dir='ltr'>luit</span> <span class='ocrx_word' id='word_1_333' title='bbox 2302 2912 2346 2980; x_wconf 90' lang='lat' dir='ltr'>in</span> 
     </span>
     <span class='ocr_line' id='line_1_28' title="bbox 309 3002 2346 3100; baseline -0.001 -16"><span class='ocrx_word' id='word_1_334' title='bbox 309 3026 427 3088; x_wconf 85' lang='lat' dir='ltr'>rentes</span> <span class='ocrx_word' id='word_1_335' title='bbox 443 3011 486 3080; x_wconf 87' lang='lat' dir='ltr'>ad</span> <span class='ocrx_word' id='word_1_336' title='bbox 503 3010 634 3080; x_wconf 89' lang='lat' dir='ltr'>liberos</span> <span class='ocrx_word' id='word_1_337' title='bbox 650 3019 819 3092; x_wconf 89' lang='lat' dir='ltr'>utuntur,</span> <span class='ocrx_word' id='word_1_338' title='bbox 843 3033 917 3078; x_wconf 92' lang='lat' dir='ltr'>non</span> <span class='ocrx_word' id='word_1_339' title='bbox 932 3010 1061 3100; x_wconf 88' lang='lat' dir='ltr'>gladii,</span> <span class='ocrx_word' id='word_1_340' title='bbox 1088 3021 1122 3079; x_wconf 90' lang='lat' dir='ltr'>et</span> <span class='ocrx_word' id='word_1_341' title='bbox 1141 3031 1177 3078; x_wconf 91' lang='lat' dir='ltr'>se</span> <span class='ocrx_word' id='word_1_342' title='bbox 1193 3005 1297 3078; x_wconf 88' lang='lat' dir='ltr'>steri·</span> <span class='ocrx_word' id='word_1_343' title='bbox 1347 3003 1530 3096; x_wconf 88' lang='lat' dir='ltr'>publicum</span> <span class='ocrx_word' id='word_1_344' title='bbox 1553 3004 1768 3097; x_wconf 83' lang='lat' dir='ltr'>progressio,</span> <span class='ocrx_word' id='word_1_345' title='bbox 1801 3002 1893 3076; x_wconf 88' lang='lat' dir='ltr'>Nam</span> <span class='ocrx_word' id='word_1_346' title='bbox 1914 3007 2021 3078; x_wconf 89' lang='lat' dir='ltr'>domo</span> <span class='ocrx_word' id='word_1_347' title='bbox 2046 3008 2108 3080; x_wconf 90' lang='lat' dir='ltr'>illc</span> <span class='ocrx_word' id='word_1_348' title='bbox 2130 3031 2192 3080; x_wconf 88' lang='lat' dir='ltr'>sua</span> <span class='ocrx_word' id='word_1_349' title='bbox 2215 3023 2346 3100; x_wconf 88' lang='lat' dir='ltr'>postea</span> 
     </span>
     <span class='ocr_line' id='line_1_29' title="bbox 308 3103 2346 3202; baseline -0.002 -17"><span class='ocrx_word' id='word_1_350' title='bbox 308 3115 445 3186; x_wconf 89' lang='lat' dir='ltr'>litatem</span> <span class='ocrx_word' id='word_1_351' title='bbox 461 3133 627 3198; x_wconf 83' lang='lat' dir='ltr'>agrorum</span> <span class='ocrx_word' id='word_1_352' title='bbox 645 3123 801 3186; x_wconf 80' lang='lat' dir='ltr'>metuere</span> <span class='ocrx_word' id='word_1_353' title='bbox 816 3109 1043 3198; x_wconf 85' lang='lat' dir='ltr'>significabat.</span> <span class='ocrx_word' id='word_1_354' title='bbox 1097 3107 1166 3182; x_wconf 87' lang='lat' dir='ltr'>Sed</span> <span class='ocrx_word' id='word_1_355' title='bbox 1184 3103 1298 3178; x_wconf 83' lang='lat' dir='ltr'>hosti·-</span> <span class='ocrx_word' id='word_1_356' title='bbox 1348 3129 1423 3176; x_wconf 92' lang='lat' dir='ltr'>non</span> <span class='ocrx_word' id='word_1_357' title='bbox 1446 3119 1499 3176; x_wconf 91' lang='lat' dir='ltr'>est</span> <span class='ocrx_word' id='word_1_358' title='bbox 1522 3127 1680 3196; x_wconf 87' lang='lat' dir='ltr'>egressus</span> <span class='ocrx_word' id='word_1_359' title='bbox 1694 3105 1859 3199; x_wconf 86' lang='lat' dir='ltr'>amplius.</span> <span class='ocrx_word' id='word_1_360' title='bbox 1911 3105 1986 3178; x_wconf 91' lang='lat' dir='ltr'>Sub</span> <span class='ocrx_word' id='word_1_361' title='bbox 2010 3103 2079 3186; x_wconf 84' lang='lat' dir='ltr'>boc</span> <span class='ocrx_word' id='word_1_362' title='bbox 2100 3122 2259 3202; x_wconf 89' lang='lat' dir='ltr'>tempus,</span> <span class='ocrx_word' id='word_1_363' title='bbox 2286 3112 2346 3186; x_wconf 85' lang='lat' dir='ltr'>fe-</span> 
     </span>
     <span class='ocr_line' id='line_1_30' title="bbox 310 3207 2413 3306; baseline -0.001 -18"><span class='ocrx_word' id='word_1_364' title='bbox 310 3219 380 3288; x_wconf 88' lang='lat' dir='ltr'>bus</span> <span class='ocrx_word' id='word_1_365' title='bbox 417 3212 557 3282; x_wconf 90' lang='lat' dir='ltr'>dicebat</span> <span class='ocrx_word' id='word_1_366' title='bbox 591 3211 798 3300; x_wconf 87' lang='lat' dir='ltr'>impendent</span> <span class='ocrx_word' id='word_1_367' title='bbox 831 3212 1017 3285; x_wconf 89' lang='lat' dir='ltr'>atrociora.</span> <span class='ocrx_word' id='word_1_368' title='bbox 1083 3208 1296 3300; x_wconf 84' lang='lat' dir='ltr'>Saepissime</span> <span class='ocrx_word' id='word_1_369' title='bbox 1348 3207 1452 3278; x_wconf 90' lang='lat' dir='ltr'>brilis</span> <span class='ocrx_word' id='word_1_370' title='bbox 1473 3207 1696 3304; x_wconf 85' lang='lat' dir='ltr'>paroxysmi,</span> <span class='ocrx_word' id='word_1_371' title='bbox 1738 3209 1839 3302; x_wconf 90' lang='lat' dir='ltr'>quasi</span> <span class='ocrx_word' id='word_1_372' title='bbox 1863 3223 2106 3280; x_wconf 80' lang='lat' dir='ltr'>antecursores</span> <span class='ocrx_word' id='word_1_373' title='bbox 2129 3211 2279 3306; x_wconf 88' lang='lat' dir='ltr'>quidam</span> <span class='ocrx_word' id='word_1_374' title='bbox 2309 3215 2346 3285; x_wconf 88' lang='lat' dir='ltr'>ei</span> <span class='ocrx_word' id='word_1_375' title='bbox 2408 3224 2413 3234; x_wconf 87' lang='lat'>&#39;</span> 
     </span>
     <span class='ocr_line' id='line_1_31' title="bbox 310 3309 2347 3406; baseline 0.002 -24"><span class='ocrx_word' id='word_1_376' title='bbox 310 3337 396 3386; x_wconf 87' lang='lat' dir='ltr'>vero</span> <span class='ocrx_word' id='word_1_377' title='bbox 419 3313 482 3406; x_wconf 84' lang='lat' dir='ltr'>ille</span> <span class='ocrx_word' id='word_1_378' title='bbox 505 3323 588 3381; x_wconf 90' lang='lat' dir='ltr'>ante</span> <span class='ocrx_word' id='word_1_379' title='bbox 612 3310 718 3380; x_wconf 88' lang='lat' dir='ltr'>etiarn</span> <span class='ocrx_word' id='word_1_380' title='bbox 742 3312 908 3381; x_wconf 90' lang='lat' dir='ltr'>morbum</span> <span class='ocrx_word' id='word_1_381' title='bbox 925 3313 968 3382; x_wconf 89' lang='lat' dir='ltr'>dc</span> <span class='ocrx_word' id='word_1_382' title='bbox 984 3310 1297 3403; x_wconf 77' lang='lat' dir='ltr'>gravissimis-pae-</span> <span class='ocrx_word' id='word_1_383' title='bbox 1349 3309 1489 3378; x_wconf 87' lang='lat' dir='ltr'>molesti</span> <span class='ocrx_word' id='word_1_384' title='bbox 1511 3332 1603 3394; x_wconf 91' lang='lat' dir='ltr'>esse,</span> <span class='ocrx_word' id='word_1_385' title='bbox 1636 3311 1806 3399; x_wconf 84' lang='lat' dir='ltr'>languor,</span> <span class='ocrx_word' id='word_1_386' title='bbox 1837 3310 2067 3404; x_wconf 88' lang='lat' dir='ltr'>inquietudo,</span> <span class='ocrx_word' id='word_1_387' title='bbox 2098 3313 2347 3398; x_wconf 84' lang='lat' dir='ltr'>oscitationes,</span> 
     </span>
     <span class='ocr_line' id='line_1_32' title="bbox 228 3408 2346 3508; baseline -0.001 -18"><span class='ocrx_word' id='word_1_388' title='bbox 228 3495 231 3501; x_wconf 63' lang='grc'><strong>,</strong></span> <span class='ocrx_word' id='word_1_389' title='bbox 276 3419 277 3422; x_wconf 66' lang='grc'>’</span> <span class='ocrx_word' id='word_1_390' title='bbox 311 3416 368 3490; x_wconf 91' lang='lat' dir='ltr'>nis</span> <span class='ocrx_word' id='word_1_391' title='bbox 383 3412 605 3494; x_wconf 83' lang='lat' dir='ltr'>concionari,</span> <span class='ocrx_word' id='word_1_392' title='bbox 626 3408 989 3506; x_wconf 78' lang='lat' dir='ltr'>atquepraedicere⁷&gt;</span> <span class='ocrx_word' id='word_1_393' title='bbox 1005 3413 1141 3483; x_wconf 90' lang='lat' dir='ltr'>solebat</span> <span class='ocrx_word' id='word_1_394' title='bbox 1157 3411 1299 3502; x_wconf 84' lang='lat' dir='ltr'>prrblicc</span> <span class='ocrx_word' id='word_1_395' title='bbox 1349 3423 1492 3480; x_wconf 89' lang='lat' dir='ltr'>artuum</span> <span class='ocrx_word' id='word_1_396' title='bbox 1515 3410 1709 3483; x_wconf 89' lang='lat' dir='ltr'>contentio.</span> <span class='ocrx_word' id='word_1_397' title='bbox 1771 3409 1893 3504; x_wconf 89' lang='lat' dir='ltr'>ltaque</span> <span class='ocrx_word' id='word_1_398' title='bbox 1919 3411 1980 3482; x_wconf 91' lang='lat' dir='ltr'>ille</span> <span class='ocrx_word' id='word_1_399' title='bbox 2015 3413 2271 3508; x_wconf 85' lang='lat' dir='ltr'>aliquantisper</span> <span class='ocrx_word' id='word_1_400' title='bbox 2300 3417 2346 3486; x_wconf 91' lang='lat' dir='ltr'>in</span> 
     </span>
     <span class='ocr_line' id='line_1_33' title="bbox 311 3509 2349 3610; baseline -0.001 -20"><span class='ocrx_word' id='word_1_401' title='bbox 311 3532 347 3590; x_wconf 91' lang='lat' dir='ltr'>et</span> <span class='ocrx_word' id='word_1_402' title='bbox 368 3515 555 3607; x_wconf 81' lang='lat' dir='ltr'>privatim,</span> <span class='ocrx_word' id='word_1_403' title='bbox 579 3535 670 3610; x_wconf 92' lang='lat' dir='ltr'>quae</span> <span class='ocrx_word' id='word_1_404' title='bbox 691 3513 804 3586; x_wconf 81' lang='lat' dir='ltr'>nostri</span> <span class='ocrx_word' id='word_1_405' title='bbox 825 3515 934 3585; x_wconf 86' lang='lat' dir='ltr'>seculi</span> <span class='ocrx_word' id='word_1_406' title='bbox 947 3515 1198 3606; x_wconf 88' lang='lat' dir='ltr'>petulantiam,</span> <span class='ocrx_word' id='word_1_407' title='bbox 1222 3537 1299 3582; x_wconf 86' lang='lat' dir='ltr'>rna-</span> <span class='ocrx_word' id='word_1_408' title='bbox 1350 3533 1533 3582; x_wconf 89' lang='lat' dir='ltr'>scamnum</span> <span class='ocrx_word' id='word_1_409' title='bbox 1551 3509 1778 3598; x_wconf 81' lang='lat' dir='ltr'>decumbere,</span> <span class='ocrx_word' id='word_1_410' title='bbox 1805 3536 1887 3582; x_wconf 84' lang='lat' dir='ltr'>mox</span> <span class='ocrx_word' id='word_1_411' title='bbox 1901 3511 1985 3582; x_wconf 90' lang='lat' dir='ltr'>inde</span> <span class='ocrx_word' id='word_1_412' title='bbox 2009 3535 2168 3605; x_wconf 86' lang='lat' dir='ltr'>surgere,</span> <span class='ocrx_word' id='word_1_413' title='bbox 2194 3517 2234 3586; x_wconf 90' lang='lat' dir='ltr'>in</span> <span class='ocrx_word' id='word_1_414' title='bbox 2257 3541 2349 3590; x_wconf 86' lang='lat' dir='ltr'>mu-</span> 
     </span>
     <span class='ocr_line' id='line_1_34' title="bbox 310 3613 2351 3706; baseline -0.001 -14"><span class='ocrx_word' id='word_1_415' title='bbox 310 3621 450 3700; x_wconf 87' lang='lat' dir='ltr'>liciam‚</span> <span class='ocrx_word' id='word_1_416' title='bbox 476 3616 742 3706; x_wconf 83' lang='lat' dir='ltr'>profanitatem,</span> <span class='ocrx_word' id='word_1_417' title='bbox 769 3614 1028 3700; x_wconf 50' lang='lat' dir='ltr'>idolatrias‚«et</span> <span class='ocrx_word' id='word_1_418' title='bbox 1054 3617 1192 3686; x_wconf 82' lang='lat' dir='ltr'>infinita</span> <span class='ocrx_word' id='word_1_419' title='bbox 1224 3637 1300 3684; x_wconf 90' lang='lat' dir='ltr'>sce·</span> <span class='ocrx_word' id='word_1_420' title='bbox 1350 3636 1430 3684; x_wconf 89' lang='lat' dir='ltr'>saco</span> <span class='ocrx_word' id='word_1_421' title='bbox 1450 3613 1648 3698; x_wconf 89' lang='lat' dir='ltr'>obversari,</span> <span class='ocrx_word' id='word_1_422' title='bbox 1681 3613 1786 3684; x_wconf 90' lang='lat' dir='ltr'>etiarn</span> <span class='ocrx_word' id='word_1_423' title='bbox 1811 3615 1850 3684; x_wconf 89' lang='lat' dir='ltr'>in</span> <span class='ocrx_word' id='word_1_424' title='bbox 1873 3637 2060 3686; x_wconf 88' lang='lat' dir='ltr'>commune</span> <span class='ocrx_word' id='word_1_425' title='bbox 2082 3617 2251 3688; x_wconf 77' lang='lat' dir='ltr'>conclave</span> <span class='ocrx_word' id='word_1_426' title='bbox 2277 3622 2351 3690; x_wconf 89' lang='lat' dir='ltr'>de·</span> 
     </span>
     <span class='ocr_line' id='line_1_35' title="bbox 311 3715 2348 3812; baseline -0.002 -18"><span class='ocrx_word' id='word_1_427' title='bbox 311 3725 386 3794; x_wconf 89' lang='lat' dir='ltr'>lera</span> <span class='ocrx_word' id='word_1_428' title='bbox 409 3720 479 3790; x_wconf 86' lang='lat' dir='ltr'>alia</span> <span class='ocrx_word' id='word_1_429' title='bbox 500 3719 708 3790; x_wconf 89' lang='lat' dir='ltr'>obruitnrae</span> <span class='ocrx_word' id='word_1_430' title='bbox 731 3731 861 3799; x_wconf 87' lang='lat' dir='ltr'>essent,</span> <span class='ocrx_word' id='word_1_431' title='bbox 913 3715 1036 3812; x_wconf 89' lang='lat' dir='ltr'>Neque</span> <span class='ocrx_word' id='word_1_432' title='bbox 1051 3717 1299 3790; x_wconf 45' lang='lat' dir='ltr'>&gt;dubitandum</span> <span class='ocrx_word' id='word_1_433' title='bbox 1351 3715 1538 3800; x_wconf 81' lang='lat' dir='ltr'>scandere,</span> <span class='ocrx_word' id='word_1_434' title='bbox 1564 3729 1668 3808; x_wconf 84' lang='lat' dir='ltr'>atque</span> <span class='ocrx_word' id='word_1_435' title='bbox 1691 3715 1860 3786; x_wconf 91' lang='lat' dir='ltr'>omnibus</span> <span class='ocrx_word' id='word_1_436' title='bbox 1882 3717 2037 3806; x_wconf 86' lang='lat' dir='ltr'>gestibus</span> <span class='ocrx_word' id='word_1_437' title='bbox 2061 3717 2153 3788; x_wconf 89' lang='lat' dir='ltr'>male</span> <span class='ocrx_word' id='word_1_438' title='bbox 2174 3719 2245 3790; x_wconf 90' lang='lat' dir='ltr'>sibi</span> <span class='ocrx_word' id='word_1_439' title='bbox 2264 3743 2348 3792; x_wconf 89' lang='lat' dir='ltr'>esse</span> 
     </span>
     <span class='ocr_line' id='line_1_36' title="bbox 313 3809 2349 3911; baseline -0.001 -15"><span class='ocrx_word' id='word_1_440' title='bbox 313 3838 384 3907; x_wconf 89' lang='lat' dir='ltr'>est,</span> <span class='ocrx_word' id='word_1_441' title='bbox 416 3819 532 3894; x_wconf 87' lang='lat' dir='ltr'>Deum</span> <span class='ocrx_word' id='word_1_442' title='bbox 556 3817 766 3909; x_wconf 87' lang='lat' dir='ltr'>puniturum</span> <span class='ocrx_word' id='word_1_443' title='bbox 789 3814 855 3888; x_wconf 90' lang='lat' dir='ltr'>bos</span> <span class='ocrx_word' id='word_1_444' title='bbox 878 3841 1011 3904; x_wconf 91' lang='lat' dir='ltr'>mores,</span> <span class='ocrx_word' id='word_1_445' title='bbox 1043 3833 1080 3891; x_wconf 89' lang='lat' dir='ltr'>et</span> <span class='ocrx_word' id='word_1_446' title='bbox 1103 3813 1189 3890; x_wconf 89' lang='lat' dir='ltr'>baec</span> <span class='ocrx_word' id='word_1_447' title='bbox 1210 3831 1300 3888; x_wconf 91' lang='lat' dir='ltr'>tem·</span> <span class='ocrx_word' id='word_1_448' title='bbox 1350 3817 1546 3888; x_wconf 88' lang='lat' dir='ltr'>ostendere.</span> <span class='ocrx_word' id='word_1_449' title='bbox 1596 3814 1672 3888; x_wconf 91' lang='lat' dir='ltr'>Sub</span> <span class='ocrx_word' id='word_1_450' title='bbox 1688 3809 1813 3886; x_wconf 90' lang='lat' dir='ltr'>horam</span> <span class='ocrx_word' id='word_1_451' title='bbox 1829 3835 1912 3886; x_wconf 85' lang='lat' dir='ltr'>vero</span> <span class='ocrx_word' id='word_1_452' title='bbox 1927 3829 2089 3911; x_wconf 88' lang='lat' dir='ltr'>quartam</span> <span class='ocrx_word' id='word_1_453' title='bbox 2106 3819 2145 3888; x_wconf 91' lang='lat' dir='ltr'>in</span> <span class='ocrx_word' id='word_1_454' title='bbox 2158 3821 2349 3894; x_wconf 83' lang='lat' dir='ltr'>inferiori·</span> 
     </span>
     <span class='ocr_line' id='line_1_37' title="bbox 311 3916 2348 4017; baseline 0 -21"><span class='ocrx_word' id='word_1_455' title='bbox 311 3947 413 4017; x_wconf 89' lang='lat' dir='ltr'>pora.</span> <span class='ocrx_word' id='word_1_456' title='bbox 461 3921 534 3996; x_wconf 88' lang='lat' dir='ltr'>Sed</span> <span class='ocrx_word' id='word_1_457' title='bbox 547 3917 633 3994; x_wconf 88' lang='lat' dir='ltr'>haec</span> <span class='ocrx_word' id='word_1_458' title='bbox 648 3921 770 3992; x_wconf 90' lang='lat' dir='ltr'>omnia</span> <span class='ocrx_word' id='word_1_459' title='bbox 785 3943 861 3990; x_wconf 90' lang='lat' dir='ltr'>non</span> <span class='ocrx_word' id='word_1_460' title='bbox 876 3935 961 3992; x_wconf 89' lang='lat' dir='ltr'>sunt</span> <span class='ocrx_word' id='word_1_461' title='bbox 974 3916 1081 4010; x_wconf 79' lang='lat' dir='ltr'>buius</span> <span class='ocrx_word' id='word_1_462' title='bbox 1101 3921 1182 3994; x_wconf 87' lang='lat' dir='ltr'>loci.</span> <span class='ocrx_word' id='word_1_463' title='bbox 1227 3917 1300 3988; x_wconf 89' lang='lat' dir='ltr'>No·</span> <span class='ocrx_word' id='word_1_464' title='bbox 1351 3919 1419 3988; x_wconf 87' lang='lat' dir='ltr'>bus</span> <span class='ocrx_word' id='word_1_465' title='bbox 1435 3918 1603 4006; x_wconf 89' lang='lat' dir='ltr'>gradibus</span> <span class='ocrx_word' id='word_1_466' title='bbox 1618 3919 1791 3989; x_wconf 88' lang='lat' dir='ltr'>scalarum</span> <span class='ocrx_word' id='word_1_467' title='bbox 1805 3919 1935 4012; x_wconf 91' lang='lat' dir='ltr'>quibus</span> <span class='ocrx_word' id='word_1_468' title='bbox 1959 3919 1998 3988; x_wconf 92' lang='lat' dir='ltr'>in</span> <span class='ocrx_word' id='word_1_469' title='bbox 2015 3917 2202 3992; x_wconf 86' lang='lat' dir='ltr'>Musaeum</span> <span class='ocrx_word' id='word_1_470' title='bbox 2227 3922 2348 4014; x_wconf 86' lang='lat' dir='ltr'>ipsius</span> 
     </span>
     <span class='ocr_line' id='line_1_38' title="bbox 315 4017 2348 4116; baseline -0.001 -17"><span class='ocrx_word' id='word_1_471' title='bbox 315 4042 407 4099; x_wconf 80' lang='lat' dir='ltr'>rtem</span> <span class='ocrx_word' id='word_1_472' title='bbox 421 4036 625 4116; x_wconf 88' lang='lat' dir='ltr'>sequentem</span> <span class='ocrx_word' id='word_1_473' title='bbox 648 4023 868 4092; x_wconf 90' lang='lat' dir='ltr'>commodam</span> <span class='ocrx_word' id='word_1_474' title='bbox 886 4017 1029 4107; x_wconf 90' lang='lat' dir='ltr'>habuit,</span> <span class='ocrx_word' id='word_1_475' title='bbox 1054 4037 1090 4092; x_wconf 89' lang='lat' dir='ltr'>et</span> <span class='ocrx_word' id='word_1_476' title='bbox 1111 4023 1202 4092; x_wconf 88' lang='lat' dir='ltr'>bene</span> <span class='ocrx_word' id='word_1_477' title='bbox 1216 4021 1300 4090; x_wconf 86' lang='lat' dir='ltr'>dor·</span> <span class='ocrx_word' id='word_1_478' title='bbox 1352 4019 1570 4104; x_wconf 86' lang='lat' dir='ltr'>ascenditur,</span> <span class='ocrx_word' id='word_1_479' title='bbox 1608 4021 1744 4091; x_wconf 88' lang='lat' dir='ltr'>desedit</span> <span class='ocrx_word' id='word_1_480' title='bbox 1773 4033 1877 4110; x_wconf 90' lang='lat' dir='ltr'>caput</span> <span class='ocrx_word' id='word_1_481' title='bbox 1900 4043 2008 4090; x_wconf 89' lang='lat' dir='ltr'>manu</span> <span class='ocrx_word' id='word_1_482' title='bbox 2029 4035 2227 4094; x_wconf 86' lang='lat' dir='ltr'>sustentans</span> <span class='ocrx_word' id='word_1_483' title='bbox 2253 4024 2348 4096; x_wconf 84' lang='lat' dir='ltr'>nixa</span> 
     </span>
     <span class='ocr_line' id='line_1_39' title="bbox 315 4109 2350 4232; baseline 0 -36"><span class='ocrx_word' id='word_1_484' title='bbox 315 4127 438 4207; x_wconf 89' lang='lat' dir='ltr'>mivit‚</span> <span class='ocrx_word' id='word_1_485' title='bbox 461 4121 586 4217; x_wconf 84' lang='lat' dir='ltr'>quant</span> <span class='ocrx_word' id='word_1_486' title='bbox 602 4123 719 4212; x_wconf 91' lang='lat' dir='ltr'>ipsum</span> <span class='ocrx_word' id='word_1_487' title='bbox 734 4125 944 4194; x_wconf 81' lang='lat' dir='ltr'>referentem</span> <span class='ocrx_word' id='word_1_488' title='bbox 960 4123 1163 4195; x_wconf 87' lang='lat' dir='ltr'>audivimus</span> <span class='ocrx_word' id='word_1_489' title='bbox 1190 4123 1229 4190; x_wconf 92' lang='lat' dir='ltr'>in</span> <span class='ocrx_word' id='word_1_490' title='bbox 1243 4144 1301 4190; x_wconf 86' lang='lat' dir='ltr'>so·</span> <span class='ocrx_word' id='word_1_491' title='bbox 1353 4109 1483 4192; x_wconf 83' lang='lat' dir='ltr'>cubito.</span> <span class='ocrx_word' id='word_1_492' title='bbox 1520 4115 1575 4190; x_wconf 78' lang='lat' dir='ltr'>Eo</span> <span class='ocrx_word' id='word_1_493' title='bbox 1591 4133 1748 4212; x_wconf 89' lang='lat' dir='ltr'>tempore</span> <span class='ocrx_word' id='word_1_494' title='bbox 1765 4113 1982 4232; x_wconf 76' lang='lat' dir='ltr'>Inachimqs</span> <span class='ocrx_word' id='word_1_495' title='bbox 1994 4109 2236 4194; x_wconf 79' lang='lat' dir='ltr'>Camerarius</span> <span class='ocrx_word' id='word_1_496' title='bbox 2251 4147 2350 4204; x_wconf 84' lang='lat' dir='ltr'>enn-</span> 
     </span>
     <span class='ocr_line' id='line_1_40' title="bbox 316 4221 2350 4321; baseline -0 -21"><span class='ocrx_word' id='word_1_497' title='bbox 316 4227 411 4300; x_wconf 89' lang='lat' dir='ltr'>mnis</span> <span class='ocrx_word' id='word_1_498' title='bbox 432 4223 499 4294; x_wconf 90' lang='lat' dir='ltr'>sibi</span> <span class='ocrx_word' id='word_1_499' title='bbox 521 4225 678 4294; x_wconf 88' lang='lat' dir='ltr'>accinere</span> <span class='ocrx_word' id='word_1_500' title='bbox 694 4224 756 4294; x_wconf 89' lang='lat' dir='ltr'>illa</span> <span class='ocrx_word' id='word_1_501' title='bbox 770 4225 878 4294; x_wconf 91' lang='lat' dir='ltr'>verba</span> <span class='ocrx_word' id='word_1_502' title='bbox 895 4225 991 4295; x_wconf 88' lang='lat' dir='ltr'>visus</span> <span class='ocrx_word' id='word_1_503' title='bbox 1007 4225 1091 4295; x_wconf 84' lang='lat' dir='ltr'>suit:</span> <span class='ocrx_word' id='word_1_504' title='bbox 1117 4221 1301 4296; x_wconf 86' lang='lat' dir='ltr'>Desiderio</span> <span class='ocrx_word' id='word_1_505' title='bbox 1353 4221 1452 4292; x_wconf 82' lang='lat' dir='ltr'>lectis</span> <span class='ocrx_word' id='word_1_506' title='bbox 1469 4221 1567 4292; x_wconf 89' lang='lat' dir='ltr'>domi</span> <span class='ocrx_word' id='word_1_507' title='bbox 1584 4222 1734 4312; x_wconf 90' lang='lat' dir='ltr'>puhlicis</span> <span class='ocrx_word' id='word_1_508' title='bbox 1747 4223 1863 4316; x_wconf 88' lang='lat' dir='ltr'>operis</span> <span class='ocrx_word' id='word_1_509' title='bbox 1879 4224 2121 4296; x_wconf 86' lang='lat' dir='ltr'>adviscndum</span> <span class='ocrx_word' id='word_1_510' title='bbox 2132 4221 2350 4321; x_wconf 88' lang='lat' dir='ltr'>Philippum</span> 
     </span>
    </p>
   </div>
   <div class='ocr_carea' id='block_1_8' title="bbox 199 4317 2352 4422">
    <p class='ocr_par' dir='ltr' id='par_1_10' title="bbox 199 4317 2352 4422">
     <span class='ocr_line' id='line_1_41' title="bbox 199 4317 2352 4422; baseline 0 -22"><span class='ocrx_word' id='word_1_511' title='bbox 199 4355 202 4360; x_wconf 72' lang='grc'>’</span> <span class='ocrx_word' id='word_1_512' title='bbox 317 4325 515 4400; x_wconf 89' lang='lat' dir='ltr'>desideravi</span> <span class='ocrx_word' id='word_1_513' title='bbox 545 4329 757 4396; x_wconf 88' lang='lat' dir='ltr'>manducare</span> <span class='ocrx_word' id='word_1_514' title='bbox 779 4326 962 4398; x_wconf 91' lang='lat' dir='ltr'>vobiscum</span> <span class='ocrx_word' id='word_1_515' title='bbox 989 4321 1057 4396; x_wconf 92' lang='lat' dir='ltr'>hoc</span> <span class='ocrx_word' id='word_1_516' title='bbox 1075 4321 1229 4406; x_wconf 89' lang='lat' dir='ltr'>Pascha,</span> <span class='ocrx_word' id='word_1_517' title='bbox 1259 4324 1303 4392; x_wconf 91' lang='lat' dir='ltr'>iis</span> <span class='ocrx_word' id='word_1_518' title='bbox 1353 4321 1474 4413; x_wconf 88' lang='lat' dir='ltr'>Lipsia</span> <span class='ocrx_word' id='word_1_519' title='bbox 1498 4346 1704 4422; x_wconf 63' lang='lat' dir='ltr'>circumens,</span> <span class='ocrx_word' id='word_1_520' title='bbox 1730 4317 1800 4396; x_wconf 89' lang='lat' dir='ltr'>huc</span> <span class='ocrx_word' id='word_1_521' title='bbox 1825 4325 1939 4406; x_wconf 89' lang='lat' dir='ltr'>venit,</span> <span class='ocrx_word' id='word_1_522' title='bbox 1970 4337 2005 4396; x_wconf 89' lang='lat' dir='ltr'>et</span> <span class='ocrx_word' id='word_1_523' title='bbox 2027 4327 2173 4398; x_wconf 86' lang='lat' dir='ltr'>domum</span> <span class='ocrx_word' id='word_1_524' title='bbox 2197 4327 2352 4402; x_wconf 88' lang='lat' dir='ltr'>Melan-</span> 
     </span>
    </p>
   </div>
   <div class='ocr_carea' id='block_1_9' title="bbox 316 4419 2351 4522">
    <p class='ocr_par' dir='ltr' id='par_1_11' title="bbox 316 4419 2351 4522">
     <span class='ocr_line' id='line_1_42' title="bbox 316 4419 2351 4522; baseline 0 -20"><span class='ocrx_word' id='word_1_525' title='bbox 316 4431 432 4502; x_wconf 80' lang='lat' dir='ltr'>modis</span> <span class='ocrx_word' id='word_1_526' title='bbox 446 4428 575 4522; x_wconf 90' lang='lat' dir='ltr'>quibus</span> <span class='ocrx_word' id='word_1_527' title='bbox 599 4427 636 4495; x_wconf 89' lang='lat' dir='ltr'>in</span> <span class='ocrx_word' id='word_1_528' title='bbox 663 4427 803 4516; x_wconf 89' lang='lat' dir='ltr'>templis</span> <span class='ocrx_word' id='word_1_529' title='bbox 819 4449 906 4518; x_wconf 90' lang='lat' dir='ltr'>puer</span> <span class='ocrx_word' id='word_1_530' title='bbox 924 4429 1010 4497; x_wconf 91' lang='lat' dir='ltr'>olim</span> <span class='ocrx_word' id='word_1_531' title='bbox 1027 4429 1242 4512; x_wconf 90' lang='lat' dir='ltr'>accinuerat,</span> <span class='ocrx_word' id='word_1_532' title='bbox 1269 4439 1305 4496; x_wconf 88' lang='lat' dir='ltr'>et</span> <span class='ocrx_word' id='word_1_533' title='bbox 1355 4419 1476 4494; x_wconf 90' lang='lat' dir='ltr'>thonis</span> <span class='ocrx_word' id='word_1_534' title='bbox 1493 4424 1697 4514; x_wconf 87' lang='lat' dir='ltr'>ingrediens</span> <span class='ocrx_word' id='word_1_535' title='bbox 1719 4425 1768 4496; x_wconf 87' lang='lat' dir='ltr'>ita</span> <span class='ocrx_word' id='word_1_536' title='bbox 1786 4426 1826 4495; x_wconf 89' lang='lat' dir='ltr'>in</span> <span class='ocrx_word' id='word_1_537' title='bbox 1846 4427 2015 4516; x_wconf 90' lang='lat' dir='ltr'>gradibus</span> <span class='ocrx_word' id='word_1_538' title='bbox 2038 4429 2217 4502; x_wconf 87' lang='lat' dir='ltr'>sedentem</span> <span class='ocrx_word' id='word_1_539' title='bbox 2241 4431 2351 4503; x_wconf 90' lang='lat' dir='ltr'>inve·</span> 
     </span>
    </p>
   </div>
   <div class='ocr_carea' id='block_1_10' title="bbox 186 4521 2352 4628">
    <p class='ocr_par' dir='ltr' id='par_1_12' title="bbox 186 4521 2352 4628">
     <span class='ocr_line' id='line_1_43' title="bbox 186 4521 2352 4628; baseline 0 -23"><span class='ocrx_word' id='word_1_540' title='bbox 186 4603 191 4616; x_wconf 88' lang='grc'><strong>,</strong></span> <span class='ocrx_word' id='word_1_541' title='bbox 316 4557 357 4610; x_wconf 87' lang='lat' dir='ltr'>ea</span> <span class='ocrx_word' id='word_1_542' title='bbox 371 4556 407 4602; x_wconf 91' lang='lat' dir='ltr'>se</span> <span class='ocrx_word' id='word_1_543' title='bbox 422 4528 651 4602; x_wconf 82' lang='lat' dir='ltr'>contentione</span> <span class='ocrx_word' id='word_1_544' title='bbox 666 4529 761 4599; x_wconf 87' lang='lat' dir='ltr'>vocis</span> <span class='ocrx_word' id='word_1_545' title='bbox 777 4553 900 4609; x_wconf 91' lang='lat' dir='ltr'>usum,</span> <span class='ocrx_word' id='word_1_546' title='bbox 918 4542 958 4601; x_wconf 90' lang='lat' dir='ltr'>ut</span> <span class='ocrx_word' id='word_1_547' title='bbox 976 4530 1100 4620; x_wconf 88' lang='lat' dir='ltr'>ipsese</span> <span class='ocrx_word' id='word_1_548' title='bbox 1116 4531 1161 4599; x_wconf 92' lang='lat' dir='ltr'>de</span> <span class='ocrx_word' id='word_1_549' title='bbox 1178 4551 1303 4628; x_wconf 82' lang='lat' dir='ltr'>somqo</span> <span class='ocrx_word' id='word_1_550' title='bbox 1356 4526 1421 4600; x_wconf 89' lang='lat' dir='ltr'>nit.</span> <span class='ocrx_word' id='word_1_551' title='bbox 1470 4521 1632 4620; x_wconf 91' lang='lat' dir='ltr'>Cumque</span> <span class='ocrx_word' id='word_1_552' title='bbox 1648 4527 1926 4600; x_wconf 88' lang='lat' dir='ltr'>consalutasscnt</span> <span class='ocrx_word' id='word_1_553' title='bbox 1944 4527 2038 4617; x_wconf 88' lang='lat' dir='ltr'>inter</span> <span class='ocrx_word' id='word_1_554' title='bbox 2053 4553 2108 4615; x_wconf 90' lang='lat' dir='ltr'>se,</span> <span class='ocrx_word' id='word_1_555' title='bbox 2133 4531 2241 4623; x_wconf 89' lang='lat' dir='ltr'>paulo</span> <span class='ocrx_word' id='word_1_556' title='bbox 2264 4552 2352 4624; x_wconf 88' lang='lat' dir='ltr'>post</span> 
     </span>
    </p>
   </div>
   <div class='ocr_carea' id='block_1_11' title="bbox 316 4622 2359 5440">
    <p class='ocr_par' dir='ltr' id='par_1_13' title="bbox 316 4622 2358 5230">
     <span class='ocr_line' id='line_1_44' title="bbox 318 4622 2355 4728; baseline -0.002 -22"><span class='ocrx_word' id='word_1_557' title='bbox 318 4637 504 4712; x_wconf 83' lang='lat' dir='ltr'>excitaret.</span> <span class='ocrx_word' id='word_1_558' title='bbox 532 4631 628 4722; x_wconf 90' lang='lat' dir='ltr'>quod</span> <span class='ocrx_word' id='word_1_559' title='bbox 645 4630 754 4719; x_wconf 86' lang='lat' dir='ltr'>igitur</span> <span class='ocrx_word' id='word_1_560' title='bbox 775 4631 865 4700; x_wconf 88' lang='lat' dir='ltr'>bene</span> <span class='ocrx_word' id='word_1_561' title='bbox 887 4633 1129 4716; x_wconf 88' lang='lat' dir='ltr'>dormivisset,</span> <span class='ocrx_word' id='word_1_562' title='bbox 1155 4629 1306 4700; x_wconf 83' lang='lat' dir='ltr'>surrexit</span> <span class='ocrx_word' id='word_1_563' title='bbox 1358 4627 1427 4698; x_wconf 89' lang='lat' dir='ltr'>suh</span> <span class='ocrx_word' id='word_1_564' title='bbox 1440 4622 1564 4698; x_wconf 88' lang='lat' dir='ltr'>horam</span> <span class='ocrx_word' id='word_1_565' title='bbox 1578 4629 1738 4721; x_wconf 90' lang='lat' dir='ltr'>quintam</span> <span class='ocrx_word' id='word_1_566' title='bbox 1753 4629 1862 4700; x_wconf 83' lang='lat' dir='ltr'>febris</span> <span class='ocrx_word' id='word_1_567' title='bbox 1879 4643 2006 4725; x_wconf 89' lang='lat' dir='ltr'>quarto</span> <span class='ocrx_word' id='word_1_568' title='bbox 2032 4633 2145 4724; x_wconf 91' lang='lat' dir='ltr'>caepit</span> <span class='ocrx_word' id='word_1_569' title='bbox 2157 4633 2355 4728; x_wconf 76' lang='grc' dir='ltr'><strong><em>παροξυν.</em></strong></span> 
     </span>
     <span class='ocr_line' id='line_1_45' title="bbox 319 4727 2355 4828; baseline 0.001 -22"><span class='ocrx_word' id='word_1_570' title='bbox 319 4757 340 4806; x_wconf 87' lang='lat' dir='ltr'>e</span> <span class='ocrx_word' id='word_1_571' title='bbox 365 4737 455 4806; x_wconf 88' lang='lat' dir='ltr'>lecto</span> <span class='ocrx_word' id='word_1_572' title='bbox 476 4731 608 4802; x_wconf 89' lang='lat' dir='ltr'>decimi</span> <span class='ocrx_word' id='word_1_573' title='bbox 628 4731 724 4803; x_wconf 90' lang='lat' dir='ltr'>tertii</span> <span class='ocrx_word' id='word_1_574' title='bbox 741 4727 899 4819; x_wconf 83' lang='lat' dir='ltr'>Aprilis,</span> <span class='ocrx_word' id='word_1_575' title='bbox 925 4733 961 4800; x_wconf 90' lang='lat' dir='ltr'>id</span> <span class='ocrx_word' id='word_1_576' title='bbox 984 4747 1054 4818; x_wconf 92' lang='lat' dir='ltr'>est,</span> <span class='ocrx_word' id='word_1_577' title='bbox 1080 4731 1209 4802; x_wconf 92' lang='lat' dir='ltr'>lduum</span> <span class='ocrx_word' id='word_1_578' title='bbox 1236 4729 1307 4799; x_wconf 89' lang='lat' dir='ltr'>diei</span> <span class='ocrx_word' id='word_1_579' title='bbox 1357 4727 1476 4822; x_wconf 79' lang='grc' dir='ltr'>θῆναι</span> <span class='ocrx_word' id='word_1_580' title='bbox 1492 4729 1675 4801; x_wconf 89' lang='lat' dir='ltr'>invasione</span> <span class='ocrx_word' id='word_1_581' title='bbox 1690 4730 1886 4802; x_wconf 69' lang='lat' dir='ltr'>monsiesta.</span> <span class='ocrx_word' id='word_1_582' title='bbox 1932 4729 2055 4826; x_wconf 88' lang='lat' dir='ltr'>ltaque</span> <span class='ocrx_word' id='word_1_583' title='bbox 2073 4737 2167 4828; x_wconf 91' lang='lat' dir='ltr'>quod</span> <span class='ocrx_word' id='word_1_584' title='bbox 2186 4729 2256 4806; x_wconf 91' lang='lat' dir='ltr'>hoc</span> <span class='ocrx_word' id='word_1_585' title='bbox 2270 4739 2355 4809; x_wconf 90' lang='lat' dir='ltr'>vel·</span> 
     </span>
     <span class='ocr_line' id='line_1_46' title="bbox 322 4830 2355 4923; baseline 0.002 -17"><span class='ocrx_word' id='word_1_586' title='bbox 322 4833 412 4906; x_wconf 84' lang='lat' dir='ltr'>hora</span> <span class='ocrx_word' id='word_1_587' title='bbox 425 4835 600 4906; x_wconf 89' lang='lat' dir='ltr'>matutina</span> <span class='ocrx_word' id='word_1_588' title='bbox 616 4834 719 4906; x_wconf 86' lang='lat' dir='ltr'>tertia</span> <span class='ocrx_word' id='word_1_589' title='bbox 734 4835 780 4902; x_wconf 91' lang='lat' dir='ltr'>ad</span> <span class='ocrx_word' id='word_1_590' title='bbox 797 4833 1053 4904; x_wconf 85' lang='lat' dir='ltr'>absolvendum</span> <span class='ocrx_word' id='word_1_591' title='bbox 1075 4833 1244 4923; x_wconf 89' lang='lat' dir='ltr'>scriptum</span> <span class='ocrx_word' id='word_1_592' title='bbox 1262 4831 1308 4900; x_wconf 70' lang='lat' dir='ltr'>tl.</span> <span class='ocrx_word' id='word_1_593' title='bbox 1360 4832 1426 4916; x_wconf 89' lang='lat' dir='ltr'>let,</span> <span class='ocrx_word' id='word_1_594' title='bbox 1455 4830 1571 4902; x_wconf 89' lang='lat' dir='ltr'>statim</span> <span class='ocrx_word' id='word_1_595' title='bbox 1593 4831 1632 4900; x_wconf 92' lang='lat' dir='ltr'>in</span> <span class='ocrx_word' id='word_1_596' title='bbox 1654 4831 1822 4902; x_wconf 90' lang='lat' dir='ltr'>lectulum</span> <span class='ocrx_word' id='word_1_597' title='bbox 1844 4846 1895 4904; x_wconf 89' lang='lat' dir='ltr'>est</span> <span class='ocrx_word' id='word_1_598' title='bbox 1910 4831 2094 4909; x_wconf 88' lang='lat' dir='ltr'>abductus.</span> <span class='ocrx_word' id='word_1_599' title='bbox 2147 4833 2200 4908; x_wconf 89' lang='lat' dir='ltr'>Ita</span> <span class='ocrx_word' id='word_1_600' title='bbox 2227 4853 2355 4910; x_wconf 90' lang='lat' dir='ltr'>autem</span> 
     </span>
     <span class='ocr_line' id='line_1_47' title="bbox 322 4929 2356 5034; baseline 0.003 -28"><span class='ocrx_word' id='word_1_601' title='bbox 322 4939 404 5019; x_wconf 90' lang='lat' dir='ltr'>lud,</span> <span class='ocrx_word' id='word_1_602' title='bbox 428 4939 473 5006; x_wconf 80' lang='lat' dir='ltr'>sle</span> <span class='ocrx_word' id='word_1_603' title='bbox 491 4961 561 5029; x_wconf 90' lang='lat' dir='ltr'>quo</span> <span class='ocrx_word' id='word_1_604' title='bbox 577 4935 750 5021; x_wconf 84' lang='lat' dir='ltr'>diximus,</span> <span class='ocrx_word' id='word_1_605' title='bbox 769 4937 865 5028; x_wconf 91' lang='lat' dir='ltr'>quod</span> <span class='ocrx_word' id='word_1_606' title='bbox 887 4935 944 5005; x_wconf 90' lang='lat' dir='ltr'>die</span> <span class='ocrx_word' id='word_1_607' title='bbox 965 4931 1155 5006; x_wconf 90' lang='lat' dir='ltr'>Paschatos</span> <span class='ocrx_word' id='word_1_608' title='bbox 1176 4956 1309 5026; x_wconf 88' lang='lat' dir='ltr'>propo·</span> <span class='ocrx_word' id='word_1_609' title='bbox 1360 4933 1527 5002; x_wconf 88' lang='lat' dir='ltr'>invadere</span> <span class='ocrx_word' id='word_1_610' title='bbox 1551 4956 1631 5002; x_wconf 91' lang='lat' dir='ltr'>eum</span> <span class='ocrx_word' id='word_1_611' title='bbox 1653 4934 1762 5004; x_wconf 84' lang='lat' dir='ltr'>lebria</span> <span class='ocrx_word' id='word_1_612' title='bbox 1784 4935 1919 5006; x_wconf 85' lang='lat' dir='ltr'>solebat</span> <span class='ocrx_word' id='word_1_613' title='bbox 1939 4947 1980 5006; x_wconf 91' lang='lat' dir='ltr'>ut</span> <span class='ocrx_word' id='word_1_614' title='bbox 1999 4929 2187 5010; x_wconf 89' lang='lat' dir='ltr'>horrorem</span> <span class='ocrx_word' id='word_1_615' title='bbox 2201 4941 2356 5034; x_wconf 87' lang='lat' dir='ltr'>quidem</span> 
     </span>
     <span class='ocr_line' id='line_1_48' title="bbox 322 5031 2354 5131; baseline 0 -19"><span class='ocrx_word' id='word_1_616' title='bbox 322 5051 486 5121; x_wconf 87' lang='lat' dir='ltr'>neretur,</span> <span class='ocrx_word' id='word_1_617' title='bbox 521 5036 633 5131; x_wconf 90' lang='lat' dir='ltr'>ldque</span> <span class='ocrx_word' id='word_1_618' title='bbox 655 5037 728 5110; x_wconf 91' lang='lat' dir='ltr'>illis</span> <span class='ocrx_word' id='word_1_619' title='bbox 752 5049 828 5108; x_wconf 90' lang='lat' dir='ltr'>tum</span> <span class='ocrx_word' id='word_1_620' title='bbox 851 5037 1036 5109; x_wconf 88' lang='lat' dir='ltr'>matutinis</span> <span class='ocrx_word' id='word_1_621' title='bbox 1057 5031 1155 5107; x_wconf 90' lang='lat' dir='ltr'>horis</span> <span class='ocrx_word' id='word_1_622' title='bbox 1178 5035 1310 5106; x_wconf 83' lang='lat' dir='ltr'>descri—</span> <span class='ocrx_word' id='word_1_623' title='bbox 1360 5033 1564 5122; x_wconf 85' lang='lat' dir='ltr'>frigutiens,</span> <span class='ocrx_word' id='word_1_624' title='bbox 1587 5049 1627 5104; x_wconf 90' lang='lat' dir='ltr'>ut</span> <span class='ocrx_word' id='word_1_625' title='bbox 1641 5031 1807 5106; x_wconf 89' lang='lat' dir='ltr'>Plautino</span> <span class='ocrx_word' id='word_1_626' title='bbox 1821 5037 1931 5106; x_wconf 89' lang='lat' dir='ltr'>verbo</span> <span class='ocrx_word' id='word_1_627' title='bbox 1945 5052 2045 5121; x_wconf 90' lang='lat' dir='ltr'>utar,</span> <span class='ocrx_word' id='word_1_628' title='bbox 2072 5039 2218 5112; x_wconf 88' lang='lat' dir='ltr'>sentiret</span> <span class='ocrx_word' id='word_1_629' title='bbox 2241 5041 2354 5114; x_wconf 88' lang='lat' dir='ltr'>valde</span> 
     </span>
     <span class='ocr_line' id='line_1_49' title="bbox 316 5133 2358 5230; baseline 0.005 -26"><span class='ocrx_word' id='word_1_630' title='bbox 316 5133 527 5212; x_wconf 41' lang='lat' dir='ltr'>Q..</span> <span class='ocrx_word' id='word_1_631' title='bbox 840 5179 842 5186; x_wconf 83' lang='lat'><em>·</em></span> <span class='ocrx_word' id='word_1_632' title='bbox 914 5169 917 5178; x_wconf 74' lang='lat'><em>=</em></span> <span class='ocrx_word' id='word_1_633' title='bbox 1362 5157 1502 5226; x_wconf 87' lang='lat' dir='ltr'>gravem</span> <span class='ocrx_word' id='word_1_634' title='bbox 1519 5148 1553 5205; x_wconf 90' lang='lat' dir='ltr'>et</span> <span class='ocrx_word' id='word_1_635' title='bbox 1567 5135 1771 5224; x_wconf 90' lang='lat' dir='ltr'>molestum,</span> <span class='ocrx_word' id='word_1_636' title='bbox 1796 5139 1857 5208; x_wconf 91' lang='lat' dir='ltr'>sed</span> <span class='ocrx_word' id='word_1_637' title='bbox 1872 5137 1933 5230; x_wconf 92' lang='lat' dir='ltr'>qui</span> <span class='ocrx_word' id='word_1_638' title='bbox 1948 5149 2066 5212; x_wconf 91' lang='lat' dir='ltr'>tamen</span> <span class='ocrx_word' id='word_1_639' title='bbox 2082 5165 2157 5214; x_wconf 91' lang='lat' dir='ltr'>non</span> <span class='ocrx_word' id='word_1_640' title='bbox 2178 5156 2269 5215; x_wconf 88' lang='lat' dir='ltr'>esset</span> <span class='ocrx_word' id='word_1_641' title='bbox 2291 5167 2358 5216; x_wconf 83' lang='lat' dir='ltr'>ex-</span> 
     </span>
    </p>

    <p class='ocr_par' dir='ltr' id='par_1_14' title="bbox 357 5235 2359 5344">
     <span class='ocr_line' id='line_1_50' title="bbox 357 5235 2359 5344; baseline 0.006 -38"><span class='ocrx_word' id='word_1_642' title='bbox 357 5283 390 5344; x_wconf 66' lang='lat'>5)</span> <span class='ocrx_word' id='word_1_643' title='bbox 408 5283 556 5344; x_wconf 62' lang='lat' dir='ltr'>mm,</span> <span class='ocrx_word' id='word_1_644' title='bbox 570 5277 646 5334; x_wconf 57' lang='lat' dir='ltr'>,qm</span> <span class='ocrx_word' id='word_1_645' title='bbox 659 5280 693 5336; x_wconf 69' lang='lat' dir='ltr'>,g</span> <span class='ocrx_word' id='word_1_646' title='bbox 709 5279 794 5336; x_wconf 45' lang='lat' dir='ltr'>,M</span> <span class='ocrx_word' id='word_1_647' title='bbox 1363 5258 1443 5327; x_wconf 92' lang='lat' dir='ltr'>pers</span> <span class='ocrx_word' id='word_1_648' title='bbox 1466 5235 1597 5306; x_wconf 91' lang='lat' dir='ltr'>interni</span> <span class='ocrx_word' id='word_1_649' title='bbox 1619 5252 1734 5309; x_wconf 88' lang='lat' dir='ltr'>aestus</span> <span class='ocrx_word' id='word_1_650' title='bbox 1757 5239 1937 5310; x_wconf 90' lang='lat' dir='ltr'>cuiusdam</span> <span class='ocrx_word' id='word_1_651' title='bbox 1960 5253 1994 5310; x_wconf 88' lang='lat' dir='ltr'>et</span> <span class='ocrx_word' id='word_1_652' title='bbox 2015 5242 2142 5329; x_wconf 89' lang='lat' dir='ltr'>alieni,</span> <span class='ocrx_word' id='word_1_653' title='bbox 2173 5267 2290 5340; x_wconf 83' lang='lat' dir='ltr'>aquo</span> <span class='ocrx_word' id='word_1_654' title='bbox 2321 5261 2359 5319; x_wconf 86' lang='lat' dir='ltr'>ct</span> 
     </span>
    </p>

    <p class='ocr_par' dir='ltr' id='par_1_15' title="bbox 356 5335 2355 5440">
     <span class='ocr_line' id='line_1_51' title="bbox 356 5335 2355 5440; baseline -0.001 -21"><span class='ocrx_word' id='word_1_655' title='bbox 356 5371 388 5434; x_wconf 78' lang='grc' dir='ltr'>τ)</span> <span class='ocrx_word' id='word_1_656' title='bbox 406 5366 586 5434; x_wconf 73' lang='lat' dir='ltr'>praedem]</span> <span class='ocrx_word' id='word_1_657' title='bbox 605 5363 653 5424; x_wconf 77' lang='lat' dir='ltr'>aa</span> <span class='ocrx_word' id='word_1_658' title='bbox 669 5372 696 5420; x_wconf 82' lang='lat' dir='ltr'>s.</span> <span class='ocrx_word' id='word_1_659' title='bbox 711 5367 888 5434; x_wconf 63' lang='lat' dir='ltr'>massam,</span> <span class='ocrx_word' id='word_1_660' title='bbox 1366 5339 1440 5429; x_wconf 90' lang='lat' dir='ltr'>ipse</span> <span class='ocrx_word' id='word_1_661' title='bbox 1458 5337 1564 5408; x_wconf 91' lang='lat' dir='ltr'>simul</span> <span class='ocrx_word' id='word_1_662' title='bbox 1579 5339 1811 5429; x_wconf 84' lang='lat' dir='ltr'>affligeretur,</span> <span class='ocrx_word' id='word_1_663' title='bbox 1838 5364 1946 5433; x_wconf 84' lang='lat' dir='ltr'>quare</span> <span class='ocrx_word' id='word_1_664' title='bbox 1960 5335 2116 5432; x_wconf 76' lang='grc' dir='ltr'><strong><em>ἡπιαλόν</em></strong></span> <span class='ocrx_word' id='word_1_665' title='bbox 2134 5369 2208 5417; x_wconf 90' lang='lat' dir='ltr'>esse</span> <span class='ocrx_word' id='word_1_666' title='bbox 2230 5349 2355 5440; x_wconf 91' lang='lat' dir='ltr'>suspi-</span> 
     </span>
    </p>
   </div>
   <div class='ocr_carea' id='block_1_12' title="bbox 0 0 2453 5988">
    <p class='ocr_par' dir='ltr' id='par_1_16' title="bbox 0 0 2453 5988">
     <span class='ocr_line' id='line_1_52' title="bbox 0 0 2453 5988; baseline 0 0"><span class='ocrx_word' id='word_1_667' title='bbox 0 0 2453 5988; x_wconf 95' lang='lat' dir='ltr'> </span> 
     </span>
    </p>
   </div>
  </div>
 </body>
</html>
