4896 5974
122 209 202 288 645

118 387 186 460 No.
208 383 294 461 126.

131 483 304 516 Μ

917 409 983 492 (sn.
1000 407 1113 489 εσσε.)

942 501 1107 532 w*-

185 607 220 662 ln
231 624 298 680 opp.
311 607 378 668 stet.
386 607 470 670 Basil.
478 609 512 666 Τ.
522 611 557 673 V.
571 631 599 685 p.
612 613 688 686 855„
705 615 771 670 itera
786 617 859 690 apud
870 617 999 675 vincent.
1033 619 1111 676 3221.
1130 629 1132 634 '

220 677 309 734 Etiam
325 679 354 734 in
372 681 461 738 libror
484 681 564 754 Opus
579 685 685 756 insigne
697 683 827 758 Cypriani
840 687 988 742 Leovr'tr’r's
1043 689 1110 744 oni-

220 751 307 804 cla-
321 748 355 802 de
367 749 474 824 magnis
487 753 665 822 superiorum
678 754 847 827 planetarum
862 756 1109 814 coniunctionibus

222 829 274 875 etc.
310 815 425 877 Witeb.
447 821 525 876 1586.
543 823 587 884 a..
605 823 652 877 ubi
671 833 733 898 post
750 824 950 896 praefationem
971 827 998 882 bi
1014 847 1109 882 versus

221 884 364 972 leguntur.
406 890 488 962 Apud
508 889 686 948 vincentium
704 894 911 956 inscribunturs
933 897 971 950 In
986 898 1108 964 praedi-

220 961 530 1028 otronerostrotogisor.

380 1118 582 1216 Philippus
607 1117 847 1199 Melanthea.

118 1262 239 1354 Irrita,
265 1271 369 1340 crede
382 1266 493 1354 mibi,
516 1298 592 1344 non
609 1289 693 1346 sunt
710 1275 890 1367 praesagia
906 1274 1049 1364 Vatum,

130 1464 135 1466 ..
163 1367 239 1440 Nec
253 1373 381 1444 dubias
395 1375 460 1446 fati
475 1378 652 1448 cernimus
668 1401 742 1448 esse
758 1379 885 1448 minas.

117 1467 234 1560 Quare
247 1497 330 1546 cum
346 1477 458 1569 prosit
473 1502 573 1550 casus
586 1481 761 1572 praescire
778 1481 937 1566 futuros,

161 1571 261 1646 Haec
274 1578 400 1666 legito,
425 1595 461 1652 et
476 1583 622 1654 monitis
636 1583 790 1654 afficiare
808 1579 876 1654 Dei
887 1579 924 1679 ¹).

114 1673 183 1766 Qui
198 1679 293 1773 sapit
305 1681 367 1752 ille
379 1683 539 1755 animum
558 1686 724 1756 fortunae
738 1698 924 1779 praeparat
939 1683 1052 1772 omni,

157 1777 437 1880 Praevisnmque
453 1781 660 1879 potestante
674 1787 793 1858 levare
807 1788 954 1860 malum.

543 1937 680 2036 mas)

103 2070 243 2170 Ἀστρα
257 2069 329 2168 μὲν
344 2071 442 2149 αὐτὰ
457 2073 555 2150 πέλει
570 2072 680 2160 θείας
694 2080 827 2172 σημεῖα
847 2074 1025 2176 προνοίας

155 2177 321 2252 Μᾶλλον
340 2175 417 2274 θ’ἣ
434 2177 586 2276 ἄστρων
602 2176 782 2276 θεσπεσίη
797 2175 944 2276 διδαχή.
1038 2200 1042 2207 ·

108 2293 212 2369 Astra
229 2298 376 2393 quidem
392 2314 476 2372 sunt
490 2300 567 2394 ipsa
581 2299 650 2372 Dei
665 2301 858 2373 certissima
876 2304 989 2396 signa,
1036 2320 1042 2330 '

19 2406 24 2416 '
153 2397 329 2474 Doctrina
348 2400 466 2474 Deum
481 2404 611 2476 certius
627 2427 700 2475 esse
716 2406 829 2477 docet.

102 2629 1095 2643 ...mm-⁴

100 2785 167 2863 No.
187 2789 271 2864 126.

107 2885 280 2916 W

158 2985 193 3042 ln
212 3005 280 3064 opp.
302 2989 386 3047 lircil.
402 2991 437 3048 Τ.
450 2989 485 3046 V.
505 3009 533 3064 p.
551 2993 613 3050 854.
631 3003 658 3050 et
677 2995 750 3065 apud
764 2995 894 3054 vincent.
914 3016 940 3068 p.
959 2997 1022 3054 220.
1056 3023 1092 3035 -

201 3057 239 3113 Er
250 3059 374 3133 epistolis
385 3061 558 3136 intelligitur.
579 3064 786 3121 Melantbonem
798 3066 851 3124 boe
864 3085 938 3122 anuo
951 3065 981 3122 in
993 3065 1090 3122 ecbola

203 3146 343 3186 enarrate
356 3130 520 3189 Homerum.

269 3342 273 3348 ·
328 3321 332 3326 ·
371 3295 418 3364 ln
442 3297 597 3368 Homeri
621 3295 828 3368 lectionem.

151 3437 285 3512 Contio
303 3441 368 3513 ubi
387 3445 494 3515 rediit
508 3445 640 3538 templo
657 3445 822 3534 dimissa,
847 3448 1004 3540 legemus

197 3541 347 3616 Iliacum
362 3544 401 3616 in
419 3549 550 3619 nostris
565 3571 728 3636 carmen,
753 3551 892 3636 adeste,
916 3545 1059 3622 scholis.

410 3810 414 3818 „
538 3724 650 3794 Aliter.

149 3861 179 3936 Ε
200 3889 299 3938 sacro
318 3882 507 3963 postquam
524 3871 632 3943 rediit
646 3873 704 3964 pia
722 3873 846 3948 concio
863 3874 1007 3968 templo,
1063 3958 1071 3972 s

196 3965 383 4042 Enarrabo
399 3973 495 4044 senis
514 3975 672 4046 carmina
688 3976 912 4052 Maeonidae.

525 4149 638 4217 Aliter.

144 4289 305 4364 Hectoris
320 4299 494 4388 elpcnam
509 4295 610 4366 vobis
625 4298 684 4389 pia
701 4295 816 4385 iussa,
843 4325 1031 4396 precesque

194 4391 375 4491 Etcmplo
390 4411 576 4492 postquam
595 4399 717 4472 concio
737 4401 842 4474 missa
862 4405 968 4476 redit.

96 4807 264 4935 Q

157 5031 192 5084 ln
204 5047 269 5102 opp.
282 5027 368 5111 basil.
383 5027 418 5084 Τ.
429 5033 467 5086 V.
481 5047 510 5106 p.
525 5027 586 5086 ast.
604 5035 631 5083 et
644 5029 717 5100 apud
733 5028 862 5088 vincent.
875 5049 905 5100 p.
921 5034 980 5092 tas.

862 215 1188 308 cauuruuu
1238 219 1346 298 ura.
1371 222 1425 332 11.

880 2784 1106 2919 Q.

2056 205 2063 215 ²
2085 255 2161 344 sss

1163 393 1226 466 De
1248 393 1405 528 diversis
1432 403 1634 584 peraridum
1657 410 1813 492 dtoeadt
1839 443 1889 496 er
1911 431 1983 504 111.
2014 431 2161 512 Iliados

1609 522 1740 590 umeri.

1160 646 1257 722 Att'
1281 647 1339 725 ὅτι
1361 649 1408 750 δὴ
1432 649 1623 755 Τρώεσσιν
1646 631 1886 766 ripoariorum
1910 681 2068 782 ἔμιχθεν
2085 711 2149 770 etc.

1162 803 1251 876 Fors
1270 817 1305 875 et
1322 808 1476 883 concilio
1494 811 1672 889 Troianae
1687 827 1803 910 gentis
1821 827 1954 926 inipso

1161 903 1332 996 Atriden,
1355 908 1625 1010 Dominumque
1641 916 1781 997 ltbacae
1795 941 2042 1027 conspeximus
2055 949 2154 1024 olim.

1162 1003 1280 1082 Altior
1296 1006 1354 1080 hic
1374 1015 1540 1102 gradiens
1558 1035 1593 1090 et
1609 1033 1684 1094 toto
1701 1030 1830 1103 vertice
1848 1059 1955 1130 supra

1151 1105 1312 1182 'Extabat
1327 1129 1490 1202 cunctos,
1525 1123 1585 1190 sed
1601 1139 1675 1196 erat
1692 1141 1915 1209 venerandus
1931 1141 2073 1239 Ulysses

1159 1210 1374 1306 Praecipue,
1407 1221 1546 1292 medius
1560 1241 1747 1322 postquam
1765 1243 1989 1333 consederat,
2016 1254 2087 1324 oris

1143 1387 1144 1391 ,
1158 1311 1318 1404 Augusta
1332 1320 1465 1410 specie,
1498 1337 1532 1394 et
1550 1328 1670 1400 vultus
1684 1337 1856 1422 gravitate
1872 1353 2038 1426 verenda.

1158 1414 1258 1504 Quin
1275 1418 1379 1489 etiarn
1396 1424 1503 1494 decus
1516 1431 1665 1518 augebat
1685 1436 1851 1514 facundia
1870 1449 2032 1544 utrique,

1155 1515 1303 1590 Publica
1320 1525 1509 1596 consilium
1527 1553 1606 1599 cum
1623 1557 1679 1603 res
1696 1545 1862 1628 poscebat
1879 1573 2064 1648 opemque.

1157 1618 1360 1695 Verborum
1378 1627 1524 1698 Atrides
1539 1629 1728 1709 Menelaus
1742 1648 1885 1734 parcior
1899 1657 2026 1744 arctis,

1154 1719 1245 1794 Rem
1264 1729 1423 1799 numeris
1437 1755 1578 1802 omnem
1589 1735 1776 1832 stringens,
1790 1749 1940 1846 acerque
1953 1766 2147 1856 premebat,

1153 1819 1200 1896 Et
1214 1827 1373 1918 linguam
1390 1836 1552 1927 quamvis
1569 1841 1674 1910 annis
1689 1847 1809 1918 minor
1823 1867 1897 1924 arte
1913 1863 2066 1950 regebat.

1152 1923 1205 1997 Ne
1220 1953 1288 2022 qua
1303 1931 1456 2005 ferretur
1469 1935 1586 2028 longis
1599 1944 1806 2036 ambagibus
1818 1977 1957 2046 errans,

1152 2023 1365 2128 Dicentique
1381 2039 1503 2110 aderat
1518 2043 1632 2112 multo
1651 2047 1706 2116 vis
1719 2050 1828 2124 mixta
1841 2057 1972 2150 lepore.

1187 2177 1252 2304 ‘At
1259 2204 1405 2303 surgens
1419 2213 1607 2282 procerum
1622 2195 1662 2266 in
1675 2201 1794 2273 medio
1809 2213 1991 2286 consultus
2000 2215 2142 2316 Ulysses

1150 2279 1332 2358 Sollrcrtns
1348 2303 1480 2362 restare
1495 2294 1577 2382 diu,
1610 2298 1758 2394 fixisque
1773 2309 1911 2384 solebat

1149 2383 1366 2459 Luminibus
1380 2386 1525 2465 haerere
1541 2398 1638 2481 solo,
1672 2419 1922 2508 sceptrumque
1937 2435 2056 2497 tenere
2121 2399 2127 2409 ⁹

1150 2483 1342 2560 lmmotum
1353 2496 1501 2582 tacitus,
1534 2515 1656 2590 regum
1672 2519 1851 2594 gestamen
1868 2518 2056 2598 eburnum.

1149 2585 1289 2662 lnt'erea
1304 2617 1518 2692 sensumque
1531 2603 1759 2702 animamque
1772 2635 1793 2681 a
1808 2639 1956 2710 corpore
1968 2629 2110 2704 abesse*

1146 2687 1300 2764 Indocili
1315 2699 1455 2786 eredas,
1485 2705 1548 2772 scd
1565 2705 1689 2779 ubido
1707 2725 1866 2806 pectore,
1893 2747 2016 2800 vocem

1147 2789 1224 2864 lrno
1240 2797 1459 2888 promisisset
1469 2804 1623 2877 facundo
1641 2809 1760 2899 largus
1772 2817 1818 2886 ab
1832 2845 1914 2911 ore,

1145 2891 1195 2966 Ut
1210 2898 1300 2970 solet
1315 2894 1476 2994 hyberno
1492 2907 1554 2976 nir
1571 2910 1686 2982 multo
1702 2915 1881 2994 uberrima
1896 2931 1995 3000 coelo

1144 2995 1270 3070 Sermo
1285 3004 1429 3092 ruebat,
1462 3020 1496 3078 et
1511 3009 1655 3083 insolita
1669 3016 1824 3092 mulcere
1840 3049 2008 3102 coronam

1143 3096 1327 3174 Sensimus
1341 3120 1416 3178 arte
1431 3104 1615 3197 Ithacum,
1641 3138 1716 3187 uon
1735 3123 1797 3214 qui
1814 3135 2043 3210 contenderet
2059 3139 2116 3212 illi

1143 3200 1342 3299 Quisquam
1359 3225 1451 3283 erat:
1484 3207 1553 3285 hoc
1569 3215 1657 3287 adeo
1674 3219 1802 3296 mirata
1819 3243 1871 3301 est
1889 3230 2002 3309 Troia
2018 3265 2135 3336 quon-

1663 3321 1747 3392 dam

1139 3406 1314 3482 Divinum
1329 3415 1437 3485 decus
1451 3413 1617 3512 alloquii,
1643 3446 1719 3493 non
1733 3434 1892 3522 corporis
1907 3442 2081 3520 umbram.

1489 3573 1593 3637 Aliter
1607 3589 1638 3639 et
1653 3579 1785 3647 brevius.

1139 3679 1209 3753 Sed
1224 3683 1381 3774 prudens
1396 3697 1585 3779 postquam
1594 3687 1633 3756 in
1641 3691 1799 3762 medium
1809 3708 1978 3790 processit
1990 3711 2131 3812 Ulysses

1137 3781 1308 3854 Dicturus
1322 3785 1419 3855 stetit
1433 3785 1621 3870 immotus,
1640 3803 1849 3891 terramque
1864 3804 2000 3897 rigente

1137 3883 1291 3954 Lumine
1310 3887 1506 3976 spectabat,
1533 3903 1709 3981 sceptrum
1725 3921 1799 3967 non
1814 3921 1914 3996 parte
1928 3911 2071 3992 sinistra

1137 3985 1219 4057 Nou
1235 3988 1356 4058 dextra
1370 4011 1530 4076 versans,
1555 3993 1668 4066 veluti
1682 3997 1759 4068 sine
1776 4019 1893 4076 mente
1909 4019 2071 4109 tenebat,

1032 4082 1034 4091 '
1067 4087 1074 4111 ¹
1135 4085 1294 4159 Dixisses
1310 4085 1494 4162 hominem
1508 4093 1626 4165 furere
1639 4110 1675 4168 et
1694 4103 1846 4176 rationis
1863 4133 1975 4202 egere.

1135 4187 1189 4261 Ac
1206 4191 1312 4262 simul
1327 4205 1368 4264 ut
1384 4215 1507 4284 vagam
1526 4197 1632 4270 dabat
1650 4199 1723 4271 imo
1741 4223 1917 4298 epectore
1930 4243 2054 4294 vocem

1134 4289 1367 4388 Brumalique
1385 4297 1496 4388 magis
1511 4299 1548 4367 vi
1564 4301 1701 4374 concita
1717 4311 1890 4394 grandine
1904 4323 2011 4394 verba

1135 4391 1294 4466 Cunctos
1307 4399 1473 4470 mortales
1490 4400 1592 4471 illum
1612 4427 1779 4498 superare
1793 4415 1940 4491 videret.

1202 4992 1234 5048 ln
1249 5013 1315 5068 opp.
1327 4993 1410 5052 Baril.
1423 4995 1457 5052 Τ.
1475 4995 1509 5055 V.
1527 5017 1554 5072 p.
1565 4999 1626 5058 832
1641 5011 1669 5057 et
1684 5007 1756 5076 apud
1772 5007 1899 5072 Vincerat.
1916 5036 1943 5090 p.
1960 5021 2018 5080 tra

1079 5235 1082 5240 ,
1154 5155 1285 5228 Oratio
1301 5155 1501 5230 Diomedis
1524 5157 1578 5232 ud
1594 5165 1731 5260 fteqem
1755 5191 1804 5240 eu
1827 5195 1924 5254 noro
1946 5187 2101 5264 iliados.

122 5272 148 5344 ι)
169 5271 232 5332 Bne.
249 5269 356 5327 Drtim.

115 5357 241 5481 2)ch
276 5373 326 5409 nac
346 5359 517 5426 sequuntur,
536 5367 595 5408 nou
613 5347 749 5407 habentor
771 5349 801 5406 ln
823 5367 887 5426 opp.
907 5355 970 5413 Bu.
988 5375 1077 5433 nequ.

153 5445 208 5502 apn
270 5441 325 5480 sne.

86 5499 261 5574 Mensura.
280 5505 386 5566 Orsa.
400 5499 482 5564 Vos..
499 5499 546 5567 Χ.
579 5573 582 5578 ,
639 5523 642 5537 ’

1130 5300 1199 5374 Fas
1211 5301 1257 5375 sit
1273 5301 1400 5376 Atrida
1415 5300 1506 5377 mihi
1521 5319 1580 5378 tua
1598 5309 1690 5381 dicta
1706 5317 1867 5394 refellere
1882 5332 2056 5424 primum,

1129 5403 1232 5496 Quae
1248 5410 1356 5480 modo
1370 5408 1474 5502 inops
1488 5409 1601 5480 animi
1615 5411 1740 5490 fudisti
1756 5419 1961 5520 incondita,
1985 5443 2103 5529 perfer

1551 5509 1649 5587 ,85
