4896 5974
308 157 383 300 sii
980 333 983 344 Ι
1062 220 1392 304 cnuumutu
1444 227 1601 308 mur.
1679 257 1689 284 ,
2272 233 2412 317 sss.

311 399 373 478 Sic
388 402 478 506 irata
494 402 575 495 pios
591 425 777 498 nunquam
794 359 939 487 fortuna
954 395 1158 500 revellet')‚
1360 399 1427 474 llle
1442 426 1523 476 suas
1539 403 1624 500 quia
1639 403 1773 498 spargit
1787 428 1890 500 opes,
1916 419 1950 478 et
1967 407 2079 478 donat
2093 407 2230 500 egenis:

365 502 406 576 Si
421 527 484 598 spe
498 507 665 580 nituntur
681 505 920 600 pollicitisque
934 503 1004 576 Dei
1013 499 1055 601 ⁴).
1126 531 1132 546 ¹
1408 503 1570 578 Praemia
1586 507 1741 582 iustitiae
1757 531 1832 579 non
1848 509 2021 582 moritura
2034 510 2140 585 leret.

313 603 407 679 Ecce
423 609 525 679 vides
540 608 712 704 Solymen
724 631 815 703 quae
831 603 945 678 moles
959 607 1110 698 cinxerit
1123 606 1250 678 urbem
1360 601 1410 679 Et
1425 610 1588 704 quamvis
1604 634 1727 682 secura
1743 611 1807 682 diu
1824 610 1896 682 sint
1913 613 1990 682 ocia
2005 614 2136 705 pravis.
2208 669 2211 676 .

366 705 415 783 Et
432 734 508 782 non
523 707 679 784 bumana
696 711 837 781 moenia
854 713 944 782 lanta
961 709 1098 780 manu?
1412 709 1533 782 Poena
1550 726 1669 788 umen
1685 716 1788 786 tardo
1805 709 1872 784 bos
1887 715 2035 810 corripit
2051 730 2129 788 acta
2145 717 2237 810 pede
2244 711 2297 814 ').

315 811 430 884 Parva
445 815 692 886 intermontes
708 815 812 900 latet,
834 813 985 898 immani
1000 833 1125 904 aggere
1140 823 1249 902 septa,
1359 903 1364 909 ι
1872 835 1873 839 ’
2138 823 2145 838 ·
2186 823 2189 828 ’

369 911 417 987 Et
431 929 501 988 stat
512 917 698 988 inaccessis
711 911 750 1012 ⁸)
767 916 929 1010 undique
945 917 1063 986 clausa
1078 913 1182 1004 iugis.
1990 983 1993 990 .

318 1016 556 1114 Defenditque
573 1044 637 1091 suo
655 1013 847 1112 propius⁸)
865 1042 931 1090 nos
948 1018 1079 1088 robore
1096 1007 1292 1110 Numen⁷),
1355 1033 1519 1128 'Naro
2141 1064 2206 1146 (m.
2220 1068 2306 1132 152⁶
2325 1067 2355 1150 ρ)

370 1117 478 1214 Ignea
494 1123 581 1193 dum
597 1121 742 1194 simulat
760 1118 900 1191 moenia
914 1122 993 1192 luce
1009 1143 1071 1191 sua
1085 1113 1137 1213 ⁸):
1367 1115 1543 1198 ἠν-ν
2118 1125 2121 1132 ’
2138 1115 2352 1198 ηανξ..

316 1221 371 1294 Ne
388 1226 561 1320 populum
575 1225 706 1296 feriant
721 1223 885 1296 coelestia
902 1247 999 1294 sacra
1016 1221 1203 1308 colentem,
1432 1251 1509 1338 opp.
1522 1253 1585 1312 Β...
1602 1255 1636 1314 r.
1646 1243 1681 1312 ν’.
1697 1273 1725 1327 p.
1735 1253 1797 1311 ssa.
1814 1257 1928 1328 asama
1943 1255 2024 1317 Vina.
2037 1259 2134 1333 ptos.
2167 1264 2214 1318 En
2227 1265 2279 1321 atta
2294 1287 2356 1324 ver-

263 1307 284 1352 *
353 1343 359 1352 ¹
368 1325 460 1400 Acta
475 1329 588 1398 malos
605 1341 729 1398 contra
745 1326 851 1397 noxia
866 1326 934 1398 [0¹8
952 1325 1061 1399 vil-03·
1464 1341 1507 1378 810
1521 1325 1642 1408 elusdqm
1658 1323 1777 1451 palmi}
1799 1343 1881 1398 qum
1896 1327 2044 1386 licitatio
2058 1331 2246 1404 idiunllmlu,
2263 1355 2354 1409 qm·

318 1427 371 1500 Ne
385 1445 419 1503 te
436 1430 547 1520 igitur
561 1431 676 1522 capiat
691 1429 820 1500 melior
833 1429 978 1500 fortuna
993 1427 1184 1510 malorum,
1467 1411 1548 1464 ‘¹⁰²³'
1561 1412 1650 1448 '⁸¹¹⁰‘
1662 1413 1719 1450 ‘⁸¹‘
1734 1413 1758 1448 '¹
1779 1405 1850 1452 ‘¹⁰²‘

370 1527 544 1626 Turpiter
558 1546 599 1604 ut
616 1531 740 1625 cupias
753 1531 952 1604 destituisse
966 1529 1097 1603 Deum.
1394 1539 1571 1612 Pantanus
1586 1539 1722 1613 0th
1746 1543 1928 1632 „Beatos
1942 1547 2001 1616 uir
2016 1550 2082 1642 qui
2099 1543 2242 1621 timet”
2260 1555 2327 1626 eto.

195 1639 197 1646 ‘
317 1633 403 1704 Non
418 1630 525 1706 babet
539 1635 701 1730 impietas
717 1658 913 1722 successus,
939 1631 1090 1718 credite,
1115 1631 1254 1722 longos,

369 1734 419 1810 Et
433 1737 526 1808 male
542 1738 756 1831 promeritos
772 1737 886 1809 tristia
902 1738 973 1807 lata
990 1747 1148 1807 manent.

179 1857 184 1865 '
318 1839 526 1935 Felicesque
541 1841 611 1934 pii,
637 1865 727 1935 quos
741 1856 800 1923 tu,
826 1855 927 1932 pater
940 1838 1095 1930 optime,
1120 1853 1250 1918 servas,

370 1939 564 2034 Continget
577 1958 721 2036 portum
736 1957 771 2013 te
787 1945 877 2013 duce
892 1954 1014 2012 nostra
1030 1938 1127 2010 ratis.

319 2041 416 2137 Ergo
432 2047 530 2132 leva,
554 2059 675 2138 pater,
697 2045 872 2129 afflictos,
899 2043 1062 2138 vitaeque
1078 2041 1238 2132 guberna

370 2149 592 2240 Ambiguum
608 2169 751 2218 cursum
767 2147 916 2252 numine
930 2169 1061 2242 quaeso
1077 2158 1152 2220 tuo.

1362 1691 1465 1764 Felix
1479 1693 1541 1762 ille
1558 1693 1677 1764 Deum
1692 1693 1819 1764 metuit
1835 1695 1898 1788 qui
1915 1709 2057 1788 pectore
2075 1711 2163 1786 toto,

1416 1791 1463 1867 Et
1479 1819 1554 1865 non
1570 1796 1687 1865 fucata
1703 1795 1890 1886 relligione
1905 1798 2001 1874 colit.

1305 1968 1307 1974 .
1364 1895 1412 1970 Et
1428 1899 1491 1993 qui
1507 1897 1650 1968 divinae
1666 1898 1735 1988 legi
1751 1921 1873 1989 parere
1890 1901 2058 1986 studebit,

1415 2000 1465 2076 Et
1480 1999 1539 2072 cui
1554 1999 1701 2070 deliciae
1718 2015 1804 2073 sunt
1819 2003 1914 2075 bona
1932 2004 2027 2074 iussa
2043 2001 2124 2080 Dei.

1364 2103 1550 2176 Fluctibus
1567 2103 1607 2171 in
1623 2101 1749 2174 mediis
1765 2106 1965 2176 servabitur
1980 2105 2060 2193 ille,
2086 2120 2249 2200 paternas

1415 2205 1653 2298 Implebitque
1668 2227 1730 2274 sua
1745 2208 1950 2297 posteritate
1965 2209 2101 2281 domos.
2298 2205 2302 2212 ’

1364 2305 1413 2381 Et
1430 2331 1634 2403 quanquam
1652 2307 1761 2378 variis
1778 2309 1928 2382 iactetur
1944 2333 2046 2403 saepe
2062 2311 2215 2403 periclis,

528 2456 529 2464 κ
1417 2407 1586 2483 Attamen
1601 2404 1699 2480 bunc
1715 2433 1875 2484 summus
1890 2429 2007 2484 servat
2022 2415 2156 2510 alitque
2174 2431 2278 2510 pater.

326 2483 499 2617 Q
623 2516 681 2552 ψ·
1126 2475 1315 2606 (Q
1365 2511 2103 2612 Huiusconstantissimumfovebis

1416 2610 1594 2688 Provehet
1611 2628 1647 2685 et
1661 2616 1786 2686 dextro
1801 2619 1951 2690 numine
1966 2632 2093 2690 cuncta
2108 2615 2215 2696 Deus.

1366 2717 1469 2790 lllius
1484 2717 1637 2790 aestivae
1652 2720 1874 2810 superabunt
1890 2716 2019 2792 horrea
2034 2743 2176 2810 messes,

1417 2817 1465 2892 Et
1478 2822 1596 2911 fruges
1612 2820 1730 2912 amplo
1739 2821 1893 2895 ¹foenore
1908 2825 2033 2894 reddet
2047 2847 2142 2916 ager.

396 2939 569 3014 Pontou-s
594 2933 732 3008 0th
757 2933 940 3019 „Beana
959 2933 1019 3004 vis·
1042 2933 1105 3026 qui
1126 2933 1239 3002 liniet
1365 2922 1475 2995 Hunc
1490 2936 1591 3016 pater
1605 2923 1754 3014 ancipiti
1770 2920 1924 2996 servabit
1938 2940 2115 3018 tempore,
2138 2927 2228 3002 insu

660 3027 882 3107 dommffl
913 3037 978 3106 eto,
1192 3073 1196 3078 -
1417 3025 1531 3099 Causa
1547 3025 1745 3118 patrocinio
1761 3028 1879 3100 vincet
1893 3027 2027 3124 ubique
2040 3027 2119 3100 Dei.

1366 3128 1448 3201 Non
1464 3131 1616 3199 deerunt
1631 3151 1790 3222 unquam
1806 3130 1925 3202 dubiis
1942 3131 2067 3204 solatia
2084 3132 2200 3218 rebus,

1419 3230 1520 3321 Quae
1535 3231 1672 3302 faciunt
1687 3245 1808 3322 peetus
1825 3233 1962 3304 firmius
1977 3256 2051 3304 esse
2065 3235 2156 3308 viro.

1366 3334 1523 3408 Lumina
1541 3357 1606 3404 ceu
1622 3334 1777 3405 tenebris
1792 3337 1940 3427 adparet
1956 3336 2052 3408 clara
2068 3336 2220 3426 remotis,

1328 3493 1336 3522 ,
1418 3435 1478 3508 Sic
1492 3435 1586 3506 tristi
1602 3435 1763 3506 inveniet
1777 3451 1937 3530 tempore
1954 3439 2066 3510 laetus
2083 3435 2115 3533 ¹)
2133 3461 2244 3532 opem.

1367 3539 1435 3608 Vir
1448 3539 1565 3609 bonus
1582 3537 1725 3608 adllicto
1741 3539 1855 3610 facilis
1871 3541 2045 3614 succurrit
2059 3541 2173 3612 amico

1415 3635 1463 3711 Et
1479 3661 1691 3734 quacunque
1707 3654 1823 3734 potest
1838 3641 2026 3714 sedulitate
2043 3643 2154 3717 iuvat.

1367 3739 1531 3836 Aeraque
1547 3765 1622 3812 non
1638 3764 1720 3834 agre
1737 3746 1799 3815 dat
1814 3759 1937 3816 mutua
1951 3743 2045 3818 ferre
2062 3745 2207 3838 petenti,
2431 3787 2432 3875 p

1417 3840 1472 3941 Ac
1486 3845 1615 3937 opibus
1630 3844 1726 3936 large
1743 3846 1909 3917 subvenit
1925 3847 1986 3916 ille
2004 3848 2089 3923 suis.

1366 3943 1440 4020 Nec
1455 3947 1524 4016 sibi
1540 3945 1683 4018 divitias
1701 3972 1763 4040 per
1777 3949 1939 4020 fraudem
1957 3963 2019 4021 aut
2032 3951 2171 4045 quaerit
2184 3947 2330 4034 bonores,

1418 4047 1492 4120 Nec
1508 4049 1673 4142 cuiquam
1689 4051 1839 4121 iniustas
1855 4051 1970 4123 inlicit
1986 4053 2048 4124 ille
2063 4077 2199 4126 manus.

1368 4150 1409 4224 si
1425 4151 1568 4244 quando
1585 4151 1731 4222 exitium
1748 4154 1892 4225 fortuna
1908 4153 2054 4226 inimica
2071 4157 2235 4238 minatur,

1418 4250 1522 4325 Illius
1539 4277 1676 4346 semper
1692 4255 1770 4325 vult
1786 4255 1988 4328 meminisse
2003 4255 2114 4330 Deus.

1283 4411 1288 4414 .
1367 4352 1414 4427 Et
1429 4353 1512 4449 quia
1527 4378 1564 4425 se
1584 4379 1688 4426 curae
1705 4379 1778 4426 esse
1795 4353 1873 4428 Deo
1890 4359 2067 4431 confidere
2083 4362 2194 4448 novit,

1419 4455 1501 4528 Non
1518 4453 1603 4527 huic
1618 4457 1768 4531 incutiet
1776 4460 1913 4532 nuncia
1926 4463 2019 4533 sama
2034 4477 2182 4535 metum.

1368 4557 1474 4630 Mens
1487 4560 1633 4631 immota
1648 4562 1747 4632 velut
1761 4585 1889 4653 magno
1907 4589 1987 4634 ctam
2003 4567 2131 4636 robore
2148 4587 2299 4662 quercus

1419 4659 1585 4746 Constat,
1616 4665 1709 4734 etin
1730 4661 1908 4750 Domino,
1941 4691 2109 4763 spemque
2129 4671 2346 4764 animumque

1902 4769 2005 4840 locat.

1368 4863 1440 4939 Sed
1453 4867 1517 4960 qui
1533 4867 1728 4938 contemnit
1742 4867 1904 4941 coelestia
1921 4871 2032 4958 iussa,
2055 4873 2199 4965 peribit,

1418 4967 1511 5040 Nam
1530 4971 1649 5040 subito
1667 4969 1786 5041 veniet
1800 4995 1927 5063 magna
1941 4975 2046 5046 ruina
2062 4977 2178 5050 malis.

389 2709 422 2763 ln
439 2685 646 2828 ‘’miste-w·
664 2708 692 2754 et
712 2699 741 2754 in
757 2703 822 2772 opp.
835 2696 897 2754 Bas.
912 2697 947 2752 T.
960 2701 995 2755 V.
1014 2715 1042 2770 p.
1050 2699 1112 2754 Μ.
1147 2699 1229 2772 Apud
1243 2697 1314 2754 vin.

419 2785 492 2835 cent.
510 2793 537 2848 p.

321 3190 464 3273 Foebi,
489 3186 570 3266 ille,
593 3181 711 3254 Deum
725 3184 852 3254 metuit
870 3183 934 3276 qui
949 3197 1089 3276 pectore
1103 3194 1192 3269 toto,

372 3291 485 3364 Cuius
499 3285 641 3356 delitiae
657 3299 741 3356 sunt
756 3287 851 3356 bona
867 3285 961 3356 iussa
977 3283 1056 3356 Dei.

207 3377 216 3386 ’
323 3397 426 3469 Illius
442 3405 478 3462 et
490 3403 611 3472 natos,
636 3401 671 3457 et
689 3387 752 3482 qui
768 3389 961 3458 nascentu‘r
974 3390 1020 3458 ab
1036 3387 1121 3470 illis,

333 3551 337 3562 .
370 3492 525 3570 Coelesti
540 3488 737 3574 Dominus,
765 3491 885 3571 crede,
910 3490 1049 3561 iuvabit
1063 3513 1142 3581 ope.

322 3601 371 3676 Et
386 3621 477 3693 quae
493 3593 689 3680 sufficiant,
714 3592 864 3664 donabit
878 3593 1063 3664 commoda
1079 3591 1184 3677 vitae,

371 3699 512 3787 lustitia
530 3707 583 3766 est
599 3690 708 3768 huius
722 3695 866 3768 vindice
882 3709 959 3768 tuta
973 3697 1066 3768 Deo.

299 3869 308 3878 .
323 3798 505 3894 Grataque
520 3799 560 3867 in
574 3797 731 3870 adversis
746 3811 867 3870 cernet
883 3798 1005 3868 solatia
1022 3798 1141 3880 rebus,

376 3903 553 3978 Adficitur
568 3901 700 3972 nostris
717 3925 800 3972 nam
816 3899 913 3972 Deus
929 3901 1004 3994 ipse
1019 3899 1134 3970 malis.

299 3997 304 4004 ’
325 4009 391 4079 Vir
406 4009 524 4076 bonus
539 4027 620 4073 aera
634 4005 726 4074 solet
738 4005 852 4076 facilis
866 4007 950 4074 dare
965 4015 1088 4074 mutua
1104 3999 1232 4091 egenti,

373 4105 423 4180 Et
437 4130 538 4176 mens
553 4106 653 4177 illius
669 4109 787 4177 nescia
804 4107 940 4176 fraudis
956 4105 1035 4178 erit.

186 4227 189 4233 '
323 4212 408 4284 Non
426 4206 554 4301 poterit
570 4209 677 4278 talem
693 4209 837 4281 fortuna
853 4222 1009 4279 evertere
1026 4206 1162 4301 iniqua,

373 4309 440 4384 Est
454 4332 590 4398 memor
604 4310 702 4381 illius
718 4335 876 4403 semper,
899 4311 1034 4405 eritque
1049 4309 1156 4380 Deus.

323 4415 575 4508 Fortunaeque
593 4413 707 4484 minas
722 4415 783 4484 ille
799 4413 1058 4506 imperterritus
1075 4409 1185 4494 audit,

375 4517 497 4591 Solius
511 4515 591 4587 fidit
604 4541 689 4587 nam
704 4517 866 4588 bonitate
880 4513 960 4589 Dei.

257 4663 264 4676 ι
322 4615 372 4692 Et
389 4619 560 4716 quoniam
578 4643 681 4692 curae
700 4642 773 4690 esse
788 4617 864 4690 Deo
883 4643 919 4689 se
935 4619 1104 4704 credidit,
1130 4617 1207 4706 ipso

376 4722 600 4816 lnspcetante
616 4724 739 4809 malis,
766 4746 880 4816 poena
898 4723 1029 4794 luenda
1046 4719 1154 4792 venit.

328 4861 544 4886 ...--—.l-

361 4947 388 5016 8)
407 4944 467 5000 Bas.
482 4955 507 5000 et
518 4943 580 4999 Sec.
595 4943 712 4996 nocebit.

360 5034 391 5100 l)
416 5027 450 5082 st
468 5047 517 5096 ape
538 5035 604 5094 eto]
631 5027 691 5082 Bas.
711 5036 740 5080 et
755 5025 817 5082 See.
852 5024 911 5096 Qui
924 5025 1023 5094 fidunt
1042 5027 1184 5092 'superum
1201 5041 1319 5082 numme
1367 5069 1414 5139 V.
1762 5073 1771 5090 .
1982 5077 1991 5094 ,
2169 5081 2179 5098 ,

392 5101 549 5168 tt⁰⁸⁸⁶¹⁶s⁸2
766 5146 770 5155 ,
1402 5095 1436 5140 rr
1452 5095 1594 5165 quoque
1608 5073 1721 5143 multa
1735 5097 1816 5165 prus
1831 5077 2198 5174 consertrnpauperrs
2212 5106 2325 5167 usum,

362 5185 389 5253 5)
410 5181 447 5236 Et
459 5191 519 5234 ’Μ
532 5183 633 5250 tuaac]
651 5181 710 5234 ⁸³⁸·
724 5191 751 5234 οἱ
766 5181 825 5236 Sea.
846 5179 880 5233 Es
894 5197 952 5234 '²⁰¹¹
965 5183 1093 5237 assessu.
1417 5169 1467 5244 Et
1482 5173 1540 5244 fiet
1555 5174 1692 5244 miseris
1708 5189 1831 5268 portus
1851 5191 1884 5248 et
1900 5203 1984 5250 aura
2002 5179 2099 5251 viris.

360 5273 389 5338 6)
406 5267 467 5322 Bas.
482 5275 509 5318 et
521 5266 580 5322 Sec.
590 5270 715 5332 proptbr.

360 5359 388 5423 7)
407 5356 506 5414 rebare
521 5353 638 5421 mmsis]
651 5354 712 5410 llas.
726 5363 752 5408 et
764 5353 826 5412 sec.
843 5355 972 5416 numine,
988 5371 1128 5412 mmm·
1155 5407 1159 5414 .
1401 5371 1431 5442 ¹¹)
1449 5373 1509 5428 Bas.
1519 5371 1594 5428 Sero
1606 5385 1706 5428 tomen
1720 5376 1814 5429 tacitis
1823 5393 1921 5437 poena
1933 5380 2009 5434 venit
2018 5382 2144 5447 perthas.

360 5445 390 5510 Β)
409 5440 490 5500 basil.
504 5447 530 5493 et
545 5437 605 5496 See.
623 5441 716 5506 Ignea
734 5444 760 5497 ss·
767 5440 840 5514 fieri
857 5443 988 5514 moenia,
1006 5447 1110 5515 datque
1119 5454 1215 5514 poter.
1403 5460 1430 5524 t)
1447 5457 1550 5528 hctus]
1565 5458 1625 5514 Bas.
1637 5468 1744 5526 pectus.
