4888 5962
299 249 375 326 rss
885 220 1303 323 Quansmonas
1340 155 1741 296 scansusoau
2066 252 2068 256 .
2247 211 2326 286 roo

303 414 440 498 debeat,
463 377 505 482 se
522 380 830 480 dummodoillam
843 412 1025 496 sequatur,
1048 399 1154 481 lerre,
1180 391 1290 491 quid·
1338 413 1445 485 quam
1466 401 1508 462 ιιι
1529 409 1551 460 a
1571 411 1629 458 me
1651 386 1838 458 commode
1857 381 2026 479 explicari
2049 394 2176 478 queat,
2208 381 2331 454 deiero

303 517 392 614 quid
406 513 505 586 Deus
525 508 682 593 dederit,
707 504 864 596 Quando
883 503 1012 598 cuique
1033 496 1173 574 homini
1192 496 1290 575 divi·
1338 493 1478 564 mnsad
1496 489 1684 562 dominum
1698 488 1893 564 Decauum.
1943 485 2039 560 Diri.

304 620 402 692 nitus
415 613 595 709 proposita
608 610 654 680 sit
667 620 762 678 meta
775 605 886 687 vitae,
913 627 1020 700 quam
1043 627 1149 675 nemo
1173 614 1290 672 usos-
1325 653 1327 658 .

305 715 359 792 ire
380 718 509 811 possit,
542 735 589 784 ne
608 711 753 806 quidem
777 708 807 777 si
828 708 868 776 in
895 731 1000 778 cavea
1025 729 1062 776 se
1087 705 1289 776 concludat.

305 821 398 896 Cum
422 815 584 915 tyrannis
606 823 689 882 vero
713 810 854 880 nullum
875 809 1020 890 foedus,
1054 807 1196 890 nullum
1225 805 1293 887 ius,
1342 845 1397 917 No
1421 846 1483 918 3⁰·
2083 842 2229 928 10.Sept.
2238 844 2334 914 15⁴5·

305 919 889 1013 nihildcuiquecommunees'se‚
915 923 998 982 uta
1019 906 1292 1004 quibusomnia
1344 899 1483 972 ..tm
2099 937 2316 973 Μ

307 1027 407 1109 iura,
431 1023 543 1114 leges,
565 1014 791 1110 etquidqnid
812 1013 911 1104 pium
933 1026 993 1084 aut
1015 1025 1178 1082 sanctum
1200 1009 1293 1078 inter
1377 1019 1380 1028 ⁴
1412 1021 1447 1076 ts
1461 1018 1625 1090 Quaestor.
1638 1022 1768 1098 μῦσαι.
1802 1025 1871 1080 taen
1885 1021 2200 1079 nosnatttetttt.
2220 1021 2324 1096 psas.

308 1123 472 1199 homines
487 1131 666 1202 censetur,
691 1117 915 1209 profanatum
933 1137 973 1183 ac
995 1114 1174 1185 sublatum
1195 1121 1294 1194 esset,
1430 1135 1432 1142 ¹

307 1225 357 1300 Et
369 1229 413 1298 ad
428 1245 517 1320 quos
531 1221 702 1292 delendos
715 1218 813 1289 velut
830 1217 875 1286 ad
888 1215 1071 1307 publicum
1088 1213 1294 1284 incendium
1326 1185 1523 1312 'ommi’
1551 1187 1744 1308 Pr⁰ll⁰fft⁶if⁸
1770 1185 1820 1258 D·
1842 1189 2036 1258 Erasmo
2063 1179 2218 1308 Floels,
2251 1205 2336 1255 sasas

309 1351 433 1402 omnes
457 1322 621 1398 homines
644 1341 855 1391 concurrere
884 1320 1067 1392 deberent.
1126 1309 1296 1386 Occurrit
1346 1281 1614 1358 decernerem?
1637 1309 1674 1360 θ’
1700 1287 1836 1360 nillil&
1857 1289 2067 1362 D⁰d⁰rttm
2088 1310 2131 1360 stt
2151 1294 2235 1360 arte
2256 1307 2338 1362 sne·

307 1428 382 1504 hoc*
396 1429 502 1500 etiam
522 1423 615 1514 illis,
640 1421 669 1494 si
692 1419 890 1492 crudelitati
914 1421 1119 1514 tyrannicae
1143 1413 1296 1508 patroci—
1539 1387 1641 1460 55⁶⁰·
1691 1387 1895 1466 All-1545·
1924 1387 1984 1466 1⁰.
1999 1387 2126 1482 Sepsb.
2170 1497 2177 1504 .

309 1546 462 1615 nentur,
486 1550 593 1622 φιιιιιι
610 1523 848 1617 periculosum
862 1523 907 1592 ad
924 1535 1081 1612 posteros
1096 1517 1295 1609 exemplum
1347 1507 1517 1592 Aetatem
1538 1535 1698 1594 nostram
1718 1523 1872 1596 maxime
1886 1524 2231 1610 decetverecundia,
2244 1547 2337 1618 quae

312 1657 395 1708 suae
411 1652 553 1726 quoque
569 1625 703 1720 patriae
717 1624 877 1696 relicturi
894 1624 977 1709 sint,
999 1648 1089 1718 quae
1102 1645 1182 1693 cum
1200 1620 1295 1690 iuxta
1349 1637 1442 1693 certe
1456 1608 1617 1714 ,impedit
1642 1649 1792 1716 pueros,
1820 1628 1976 1698 modesta
1998 1628 2123 1698 indole
2147 1627 2337 1718 praeditos,

311 1738 424 1826 legem
447 1753 568 1804 rerum
592 1724 848 1814 humanarum,
881 1725 1007 1794 iisdem
1029 1726 1297 1796 telis'lortunae
1349 1747 1395 1794 ne
1409 1724 1449 1791 in
1463 1726 1662 1819 frequentia
1677 1728 1858 1798 seniorum
1874 1742 1909 1798 et
1930 1729 2216 1818 gravissimorum
2236 1729 2337 1798 viro-

313 1835 471 1931 exposita
490 1833 557 1918 sit,
588 1845 624 1902 et
642 1830 736 1899 idem
766 1828 823 1897 illi
853 1826 1011 1898 accidere
1039 1826 1166 1920 possit,
1201 1823 1297 1917 quod
1349 1849 1432 1897 rum
1453 1825 1569 1896 dicere
1593 1829 1724 1903 ausint.
1781 1828 1903 1918 Quare
1922 1831 2072 1902 miretur
2092 1831 2238 1926 aliquis,
2273 1851 2338 1899 cur

314 1940 448 2010 virtute
481 1949 587 2028 atque
616 1932 745 2024 opibus
779 1927 1049 2000 florentissimae
1075 1923 1297 2000 Athenarum
1349 1926 1476 1998 Pueris
1490 1927 1744 2021 praecipiatur}
1770 1925 1982 2004 uthocloco
2004 1933 2228 2026 quaestiones
2252 1929 2343 2002 reei-

311 2041 396 2114 urbi
419 2037 616 2110 accidisset:
653 2031 832 2102 Videbant
849 2033 945 2116 iore,
969 2043 1009 2100 ut
1023 2031 1185 2100 omnium
1203 2025 1300 2098 iudi·
1351 2041 1438 2104 tent.
1489 2027 1561 2102 Sc'd
1576 2023 1645 2102 hoc
1662 2053 1803 2128 quoque
1820 2035 2011 2108 verecundi
2025 2035 2160 2125 ingenii
2174 2047 2245 2119 est,
2265 2055 2339 2102 non

314 2145 369 2216 cio
384 2140 512 2214 merito
526 2133 634 2229 plecti
660 2134 885 2219 dicerentur,
910 2133 972 2225 qui
995 2131 1062 2224 ipsi
1085 2127 1179 2202 hane
1199 2126 1298 2224 quasi
1352 2131 1532 2223 disputare
1549 2133 1722 2204 decausis
1746 2135 1885 2226 legum,
1918 2137 1979 2206 sed
2001 2139 2161 2206 modeste
2184 2133 2339 2218 obedire,

312 2245 426 2334 legem
442 2233 745 2321 sibi'statuissent,
766 2234 853 2327 quia
873 2234 1078 2329 tyrannicae
1099 2231 1300 2304 immanita·
1353 2232 1418 2302 etsi
1430 2229 1571 2302 causam
1586 2228 1678 2305 hanc
1695 2259 1769 2308 esse
1791 2250 1896 2328 puto,
1920 2251 1968 2312 ‚nt
1991 2261 2012 2306 a
2034 2239 2166 2310 teneris
2190 2235 2340 2328 incipia-

315 2346 363 2417 tis
386 2344 566 2414 adiutores
588 2361 624 2408 se
648 2359 688 2406 ac
703 2339 905 2407 defensores
927 2336 1181 2427 praebuissent.
1234 2317 1301 2401 His
1352 2355 1432 2404 mus
1446 2334 1672 2406 considerare
1686 2331 1751 2407 hos
1764 2351 1900 2408 vestros
1915 2361 2140 2428 congressus,
2166 2351 2202 2410 et
2222 2338 2339 2433 aliquo

315 2443 483 2540 inquam,
507 2457 542 2512 et
557 2439 732 2511 similibus
748 2439 861 2508 causis
879 2438 966 2507 moti
982 2435 1150 2508 videntur
1166 2435 1225 2506 isti
1246 2433 1301 2502 iu·
1354 2437 1461 2506 modo
1478 2435 1677 2507 studiorum
1694 2433 1849 2510 honores
1863 2440 1997 2510 mirari.
2048 2441 2122 2512 l'os
2138 2439 2251 2532 igitur
2268 2464 2341 2524 oro,
2428 2519 2429 2526 χ

317 2549 430 2629 dices,
455 2559 497 2616 ut
513 2539 723 2614 Pausaniam
740 2542 813 2610 suis
828 2539 971 2610 calculis
985 2539 1221 2608 absolverent.
1355 2553 1394 2608 ιιι
1410 2533 1582 2629 puerilem
1596 2541 1793 2612 orationem
1808 2565 1923 2612 meam
1945 2557 2092 2636 propter
2112 2541 2341 2622 consuetudi·

420 2645 490 2718 Sed
508 2667 582 2714 non
597 2643 787 2713 defuerunt
804 2657 838 2713 et
853 2641 957 2713 alteri
977 2641 1069 2733 parti
1084 2649 1304 2730 argumenta,
1354 2663 1435 2707 nem
1450 2632 1635 2708 honestam
1649 2644 1823 2733 patienter
1839 2643 2002 2717 audiatis.

307 2751 449 2846 'quibus
481 2745 705 2818 autoritatem
747 2767 830 2816 suae
870 2744 1065 2815 sententiae
1107 2753 1304 2814 tuerentur.
1455 2735 1629 2812 Recitabo
1647 2757 1764 2814 autem
1780 2739 1965 2816 historiam
1987 2744 2112 2816 utilem
2135 2743 2278 2836 pietati,
2302 2765 2339 2810 er

316 2850 432 2926 Erant
454 2847 598 2946 tyranni
621 2845 707 2916 socii
731 2845 1009 2939 Spartanorum,
1044 2857 1146 2928 erant
1164 2843 1306 2912 loedere
1356 2861 1425 2937 qua
1440 2842 1555 2912 oritur
1570 2846 1728 2936 quaestio
1745 2841 1907 2940 Physica.

316 2953 450 3033 iuncti,
473 2963 574 3022 erant
589 2950 790 3018 defensores
806 2945 960 3040 partium
974 2945 1242 3030 Laconicamm,
1266 2943 1305 3010 iu
1459 2941 1637 3036 'l'empore
1652 2945 1782 3018 iuliani
1798 2947 2026 3040 imperatoris
2045 2947 2244 3039 praefectus
2266 2943 2341 3039 qoi-

316 3059 407 3128 urbe
422 3053 565 3122 inimica
581 3049 795 3120 videbantur
809 3073 883 3120 non
898 3049 1006 3117 luisse
1022 3045 1218 3118 deserendi.
1258 3039 1307 3113 lit
1356 3047 1458 3124 dam,
1485 3038 1593 3114 homo
1611 3044 1818 3140 prophanus
1834 3063 1868 3120 et
1884 3051 2017 3134 audax,
2042 3048 2104 3144 qui
2121 3048 2240 3142 palam
2265 3071 2342 3138 per-

318 3159 447 3235 iactata
471 3168 524 3225 cst
545 3147 640 3222 haud
666 3150 775 3221 dubie
799 3151 861 3221 illa
884 3173 952 3220 vox
977 3149 1123 3220 alterius
1139 3145 1305 3242 Spartani
1356 3143 1473 3216 hiberi
1489 3146 1629 3218 volebat
1641 3144 1753 3220 hostis
1767 3151 1831 3220 lilii
1848 3147 1936 3236 Dei,
1960 3149 2109 3222 Domini
2131 3149 2248 3222 nostri
2263 3145 2340 3220 lesu

318 3257 516 3348 Principis,
551 3253 613 3346 qui
642 3253 798 3324 dixerat:
836 3249 1036 3322 Honestum
1066 3273 1141 3320 esse
1171 3245 1326 3318 haben·¹
1356 3243 1509 3333 Christi,
1550 3251 1726 3342 spoliabat
1746 3252 1919 3344 templum
1941 3247 2162 3336 Antiochiae,
2175 3252 2216 3321 in
2230 3251 2342 3346 Syria,

321 3361 428 3444 dum,
452 3353 629 3452 quidquid
644 3351 793 3444 Spartae
812 3355 901 3424 utile
917 3365 1016 3426 esset.
1067 3351 1164 3424 Utile
1188 3364 1306 3422 autem
1356 3350 1454 3420 iussu
1474 3346 1712 3442 Imperatoris.
1763 3349 1856 3425 Cum
1877 3367 1995 3426 autem
2018 3354 2072 3448 pii
2093 3355 2341 3446 gubernatores

290 3465 293 3476 '
320 3460 511 3532 videbatur
524 3457 569 3526 ad
583 3455 807 3526 retinendum
824 3451 1013 3548 imperium
1031 3449 1211 3538 Graeciae,
1226 3452 1308 3545 qui·
1357 3447 1532 3520 Ecclesiae
1546 3465 1705 3544 peterent
1719 3455 1914 3548 supplices,
1939 3479 1984 3526 ne
1999 3456 2166 3548 pecunia,
2190 3475 2258 3548 qua
2272 3451 2342 3522 m'i·

321 3563 531 3654 buscunque
569 3555 723 3628 vinculis
761 3557 985 3628 constrictam
1024 3568 1144 3626 tenere
1181 3556 1307 3624 urbem
1358 3550 1460 3622 nistri
1472 3545 1672 3645 Evangelii,
1689 3571 1725 3629 et
1739 3556 1843 3628 multi
1857 3556 1978 3628 miseri
1994 3558 2088 3628 cives
2103 3557 2221 3628 alendi
2235 3567 2343 3640 erant,

265 3661 269 3672 ’
322 3657 601 3744 Atheniensem,
623 3683 688 3730 nec
702 3660 930 3750 permittere,
944 3672 982 3728 ιιι
997 3657 1058 3726 ἱΙΙι
1074 3679 1232 3750 unquam
1252 3677 1307 3724 re-
1357 3653 1569 3724 assierretur:
1594 3655 1796 3730 Praefectus
1812 3659 1921 3730 multa
1950 3659 2204 3730 contumeliose
2223 3657 2344 3730 adver-

321 3767 457 3860 spirare
478 3776 540 3834 sut
563 3774 668 3852 caput
698 3760 832 3849 erigere
854 3773 981 3850 posset.
1042 3753 1309 3828 Commemora-
1357 3777 1417 3824 sus
1449 3749 1643 3828 Christum
1671 3759 1841 3856 loquutus
1873 3760 1977 3832 urina
2013 3761 2210 3854 conspersit
2241 3783 2345 3830 aram·
2406 3781 2410 3788 ·

322 3868 457 3948 bantur
486 3863 620 3935 multae
656 3862 774 3932 clades
808 3861 913 3944 belli,
951 3860 1084 3955 quibus
1110 3859 1238 3951 Sparta
1264 3859 1309 3925 ab
1359 3856 1487 3928 Statim
1503 3871 1619 3932 autem
1636 3863 1827 3954 exportatis
1842 3855 2035 3946 thesauris,
2060 3863 2189 3932 morbo
2205 3883 2346 3954 oppres-

323 3965 607 4041 Atheniensibus
622 3963 745 4036 affecta
769 3977 860 4043 erat,
886 3979 920 4036 et
944 3962 1116 4054 pericula,
1142 3983 1232 4054 quae
1254 3959 1310 4028 illi
1359 3979 1419 4027 sus
1435 3969 1507 4040 est,
1530 3959 1569 4029 in
1586 3987 1657 4056 quo
1675 3961 1854 4035 intestinis
1869 3963 1961 4035 inira
1985 3963 2123 4048 effusis,
2146 3985 2345 4034 extreman.

324 4064 590 4159 impenderent,
614 4065 646 4136 si
667 4066 754 4136 urbs
778 4063 898 4136 Attica
919 4087 1079 4158 unquam
1104 4063 1198 4132 vires
1220 4061 1311 4132 reci-
1360 4074 1436 4130 tum
1459 4081 1534 4130 non
1553 4063 1738 4151 deorsum,
1777 4066 1840 4135 sed
1863 4087 2004 4156 sursum
2026 4067 2231 4158 pergulam
2257 4077 2291 4136 et
2311 4085 2345 4132 os

325 4182 436 4262 peret.
488 4165 531 4238 ln
549 4163 616 4236 hoc
633 4166 903 4256 igitursaiutern
920 4167 1054 4258 patriae
1076 4165 1168 4236 verti
1191 4185 1311 4233 cense-
1361 4159 1493 4246 emisit,
1517 4168 1844 4248 utadmonerctur,
1868 4168 1990 4261 quales
2012 4169 2136 4238 sordes
2160 4179 2267 4238 antea
2289 4185 2346 4257 par

292 4273 432 4352 bant,
457 4283 499 4341 ut
512 4263 748 4340 Athenienses
763 4293 868 4361 quam
887 4268 1038 4338 maxime
1055 4279 1312 4360 premerentur,
1361 4285 1401 4332 os
1423 4262 1608 4350 edidisset,
1640 4293 1721 4341 cum
1743 4263 1942 4340 horrendas
1967 4263 2205 4364 blasphemias
2230 4280 2346 4340 rantra

326 4375 421 4468 quod
448 4395 512 4464 per
534 4384 706 4464 tyrannos
727 4369 1014 4440 commodissime
1035 4369 1111 4438 lieri
1136 4389 1236 4460 posse
1257 4367 1311 4433 vi·
1360 4363 1474 4435 tilium
1490 4361 1558 4436 Dei
1573 4370 1674 4446 dixit.

327 4477 491 4548 debatur.
542 4471 623 4542 Non
647 4471 756 4561 igitur
779 4465 848 4542 hoc
868 4472 1009 4542 irenum
1035 4469 1200 4540 inimicae
1228 4468 1311 4538 urbi
1461 4461 1675 4570 Esemplum
1693 4474 2020 4558 admonetomnes,
2045 4495 2091 4542 ne
2109 4470 2232 4542 dicant
2249 4467 2348 4542 Blas-

327 4577 519 4648 laxandum
532 4573 661 4658 luisse,
685 4575 746 4642 sed
761 4574 893 4644 arctius
907 4572 1202 4667 adstringendum
1217 4569 1313 4640 iudi·
1362 4563 1530 4662 phemias.

328 4665 465 4750 cebant
515 4668 681 4768 Speciosa
696 4674 763 4746 ista
781 4689 816 4746 et
831 4668 927 4745 hand
948 4675 1057 4746 dubie
1077 4697 1157 4744 cum
1180 4671 1315 4742 multo·
1464 4669 1536 4742 Sed
1570 4673 1615 4745 de
1642 4671 1820 4744 meatibus
1854 4671 1960 4745 etiam
1992 4673 2204 4764 interrogari
2229 4683 2352 4768 potest,

327 4803 410 4850 rum
425 4777 676 4849 assensudicta
691 4787 788 4851 sunt.
839 4775 1053 4848 Praesertim
1078 4775 1117 4845 in
1138 4774 1229 4844 urbe
1251 4795 1314 4842 su·
1362 4775 1691 4869 quomodostereus
1707 4797 1846 4846 sursum
1862 4775 2229 4870 pellaturingulsm'?
2275 4769 2351 4846 tte-

327 4881 458 4972 perba,
488 4891 525 4951 et
545 4877 679 4948 recenti
706 4899 865 4948 successu
892 4901 1013 4948 rerum
1036 4878 1148 4960 elata,
1180 4873 1319 4974 inqua
1362 4875 1446 4946 citat
1461 4878 1660 4970 exemplum
1670 4891 1704 4947 et
1713 4873 1874 4948 Galenus
1888 4877 1927 4946 in
1936 4877 2049 4948 causis
2064 4889 2350 4973 symptomatum,

243 4989 248 4996 '
328 4981 440 5054 animi
455 4981 539 5050 odio
551 4975 824 5052 Atheniensium
841 4976 1031 5050 exulcerati
1044 4989 1157 5054 mant,
1183 4989 1217 5047 et
1233 4975 1313 5044 vut-
1363 4989 1398 5047 et
1413 4993 1533 5048 nostra
1550 4991 1644 5050 aetas
1659 4979 1823 5050 meminit
1837 4977 1996 5072 aliquos,
2022 4979 2084 5074 qui
2099 5003 2182 5049 curn
2205 4979 2350 5050 inissent

320 5081 751 5156 neribusbellinondnm
770 5081 923 5152 obducta
939 5079 1096 5152 cicatrix.
1133 5074 1231 5148 llaec
1247 5077 1314 5168 igi-
1361 5077 1527 5150 maledici
1559 5083 1730 5152 adversos
1759 5077 1948 5172 Evangelii
1981 5079 2200 5168 doctrinam,
2245 5075 2350 5152 simili

327 5189 390 5258 tur
411 5181 586 5254 sententia
609 5183 734 5273 procul
755 5182 869 5253 dubio
889 5181 1003 5272 magis
1027 5181 1101 5251 visa
1122 5193 1174 5251 est
1196 5201 1271 5249 esse
1294 5202 1315 5248 e
1362 5180 1470 5250 modo
1487 5181 1711 5257 interierunt.
1882 5261 1885 5272 ,

191 5331 196 5338 ·
308 5285 547 5378 Republica,
586 5283 697 5356 alters
718 5307 803 5356 sera
825 5283 1034 5354 clementior
1061 5295 1098 5354 et
1118 5277 1313 5354 honestior.
1463 5279 1615 5354 Causam
1631 5296 1748 5354 autem
1766 5275 1858 5353 banc
1877 5305 1951 5352 esse
1964 5295 2065 5376 puto,
2090 5305 2170 5358 cnm
2184 5282 2351 5378 interiora

328 5387 401 5463 Sed
415 5411 496 5461 cnm
512 5385 580 5472 ists
594 5386 836 5457 controversis
848 5385 1044 5478 graviores
1056 5381 1238 5457 diffieilior
1255 5381 1316 5471 sit,
1363 5397 1398 5457 et
1414 5384 1583 5458 crassiora
1597 5384 1765 5456 intestina
1781 5383 1891 5458 effim
1903 5399 2007 5474 sunt,
2033 5387 2130 5480 quod
2151 5385 2193 5458 fit
2212 5385 2252 5456 in
2275 5403 2352 5454 ιιι·-
