4888 5962
291 104 363 196 ast
881 97 1300 198 uuausrtouus
1332 97 1736 203 aua-nnuman
2246 114 2326 217 qu

281 296 341 368 di'e
363 291 431 364 tria
462 283 574 358 millia
589 291 857 364 coronatorum,
882 301 972 371 quae
993 297 1131 355 summa
1150 276 1280 348 insin-
1314 277 1659 372 ,quatuordenarios
1668 281 1763 361 cudi.
1792 275 2326 378 *Atlibracontiuetdracltmas

275 397 377 490 gulos
415 411 530 463 annos
555 385 748 468 efficiebat,
786 395 827 452 nt
858 394 982 469 nostro
1016 399 1115 455 atroce
1140 379 1282 474 loquer,
1332 391 1485 453 centum.
1550 378 1649 454 Haec
1673 407 1749 464 non
1767 400 1985 478 ,congruunt¹
2042 382 2117 476 Sed
2144 387 2327 473 siveram
2424 369 2427 394 ⁴

276 493 466 572 duodecies
495 502 637 562 centum
663 484 765 554 milia
794 495 1060 559 coronatorum.
1117 479 1283 560 Multum,
1331 495 1401 566 est,
1426 505 1468 554 ex
1482 482 1575 554 libra
1586 483 1812 560 84denarios
1827 489 1931 576 cudi,
1950 513 2092 564 necesse
2103 503 2171 570 cst,
2193 483 2329 562 arach-

277 595 338 670 bic
353 595 490 668 reditus
505 601 647 682 superat
661 597 837 656 nostrates
853 607 979 690 venas,
1004 605 1156 678 quarum
1171 581 1280 664 ubere
1331 605 1409 654 mac
1430 583 1589 677 precium
1612 586 1733 660 minus
1761 611 1855 677 esse,
1892 613 1999 684 quarn
2028 573 2186 664 Romani
2205 587 2331 682 Dana.

278 715 451 774 munuc
471 687 747 781 celebratissima
769 699 832 756 est.
866 683 1004 758 Porro
1018 685 1136 756 nullas
1152 706 1280 776 argen-
1331 683 1388 759 rii.
1440 680 1492 757 Et
1507 687 1638 780 opinor
1650 713 1732 760 com
1748 691 1880 763 nostris
1894 684 2331 786 Sebreckenbergensibus

279 816 354 875 teas
377 817 506 870 massas
529 791 665 862 inillis
685 787 969 862 foecundissimis
992 785 1080 861 locis
1093 799 1193 858 natas
1206 808 1281 856 esse
1331 787 1541 874 convenire,
1559 787 1589 866 si
1605 811 1733 865 aureus
1742 793 1893 866 usitatus
1906 794 2185 888 valebitseptem
2193 789 2330 868 Schts-¹

281 927 366 977 sanc
381 899 513 970 mirum
528 905 628 966 esset.
753 923 754 926 ¹
1332 887 1666 982 ekenbergensibus.
1726 889 1825 966 Haec
1846 892 2130 986 audivijerudite
2154 897 2331 990 disputari

381 998 561 1094 Equidem
580 1017 661 1066 curn
681 1015 789 1064 venas
803 985 914 1063 huius
932 988 1057 1060 aetatis
1076 988 1219 1060 consero
1234 986 1280 1057 nd
1332 989 1491 1082 aperitis
1513 1015 1634 1062 rerum
1648 994 1919 1080 metallicamm.
1979 997 2195 1096 Quanquam
2211 1015 2329 1070 autem

282 1119 439 1184 ueteres,
465 1120 568 1190 saepe
589 1095 750 1166 animum
774 1092 871 1168 subit
892 1089 1101 1175 admiratio,
1133 1089 1193 1184 qui
1210 1089 1282 1174 fiat,
1332 1085 1397 1160 has
1412 1093 1638 1186 quaestiones
1652 1095 1799 1194 agitarit
1813 1098 1870 1170 vir
1891 1098 2124 1186 clarissimus,
2150 1099 2331 1195 Georgius

283 1223 324 1280 nt
347 1206 386 1276 in
409 1201 509 1272 nulla
533 1211 630 1290 parte
650 1197 749 1266 orbis
771 1209 947 1264 terrarum
970 1195 1181 1284 respondeat
1195 1186 1283 1261 haec
1333 1189 1518 1284 Agricola,
1552 1195 1736 1269 excellenti
1758 1199 1960 1272 eruditione
1979 1215 2012 1274 ct
2032 1203 2165 1274 virtute
2188 1204 2330 1296 praedi-⁸
2425 1279 2427 1286 Α

283 1323 378 1380 aetas
394 1317 552 1372 veterum
569 1295 812 1368 foecunditati.
864 1290 966 1366 Olim
981 1289 1137 1390 Phrygia
1160 1305 1194 1364 et
1208 1291 1283 1387 Ly..
1333 1307 1407 1378 tus,
1434 1309 1552 1368 tamen
1566 1309 1614 1368 ,ut
1634 1322 1712 1370 mos
1732 1315 1876 1390 geratur
1896 1305 2148 1377 consuetudini
2164 1299 2329 1385 scholae,

284 1412 351 1484 dia·
370 1407 579 1474 immensam
599 1399 675 1468 vim
697 1397 775 1468 auri
798 1391 1021 1482 habuemnt,
1051 1419 1127 1466 non
1143 1408 1283 1466 tantum
1334 1395 1454 1466 defero
1465 1391 1637 1470 nunchas
1652 1401 1759 1472 utiles
1766 1405 1992 1496 quaestiones
2005 1408 2051 1478 ad
2062 1405 2180 1478 virum
2196 1407 2330 1478 doctis.

287 1535 330 1584 ex
359 1502 527 1578 ramentis
556 1500 595 1568 in
627 1498 772 1570 Pactolo
802 1496 976 1578 inventis,
1013 1498 1074 1568 sed
1097 1521 1138 1566 ex
1155 1493 1283 1566 vicinis
1332 1497 1464 1571 simum
1482 1497 1539 1595 Μ.
1560 1491 1726 1570 Paulum
1742 1497 1923 1592 Eberum,
1958 1531 1998 1581 ac
2014 1531 2100 1600 rogo
2121 1522 2160 1582 ut
2179 1531 2238 1580 aas
2261 1533 2329 1578 ex-

286 1605 481 1682 montib'us.
534 1600 625 1672 Nem
642 1598 1043 1695 quodfluminaaurum
1061 1592 1283 1681 vehunt,.eo
1334 1599 1453 1690 plicet.
1502 1599 1602 1680 Dixi.

287 1714 347 1796 fit,
372 1707 457 1802 quia
478 1704 614 1776 vicinae
636 1717 721 1774 sunt
741 1697 875 1786 'venae,
898 1699 1070 1792 equibus
1095 1700 1158 1768 illa
1175 1720 1283 1768 arena
1341 1787 1345 1795 Ι
1372 1783 1377 1790 .
1524 1737 1528 1744 ·

290 1811 461 1893 elabitur,
486 1802 857 1877 autcertaesenaein
874 1800 1024 1871 flumina
1042 1801 1284 1892 porriguntur.
1507 1839 1515 1849 ·
1546 1775 1724 1866 ,ΒΘῬΜΟ
1743 1777 1798 1851 Μ-
1828 1775 1954 1854 Pauli
1982 1785 2129 1890 liberis
2211 1821 2212 1824 ¹

291 1914 435 2004 Quanta
455 1905 697 1978 autcmfuerit
718 1904 878 1986 ubertas,
910 1925 983 1970 non
1000 1915 1137 1974 tantum
1154 1898 1284 1972 exRe-
1437 1896 1621 2000 Assentior
1637 1902 1722 1989 tibi,
1741 1905 1794 1975 mi
1809 1901 1985 1996 Mathesi,
2012 1923 2147 2004 partem
2164 1905 2332 2008 Physices
2426 1925 2427 1948 ¹

290 2040 374 2108 gum
388 2010 515 2102 opibus
529 2007 753 2089 aestimatur,
777 2018 818 2074 ut
834 2002 965 2098 Mydae
981 2017 1043 2076 aut
1058 2001 1199 2088 Croesi,
1223 2002 1285 2072 sed
1336 2020 1493 2098 essenon
1508 2007 1785 2093 aspernandam,
1804 2009 2043 2096 cognitionem
2057 2013 2208 2104 originis
2218 2029 2253 2086 ct
2269 2033 2333 2084 tras

291 2111 495 2207 captivatis
514 2131 666 2202 quoque.
718 2104 851 2178 Scribit
865 2103 1193 2189 enimHerodotus‚
1218 2098 1286 2172 ho·
1336 2117 1435 2174 turae
1458 2099 1710 2192 Metallum,
1737 2132 1885 2206 eamque
1893 2112 2098 2194 doctrinam
2118 2139 2192 2186 uon
2215 2119 2330 2186 solum
2426 2119 2427 2122 ’

289 2217 426 2287 minem
442 2210 617 2303 privatum
626 2201 795 2304 Pythium
811 2209 959 2278 donasse
971 2205 1062 2296 Regi
1076 2204 1186 2288 Dario
1202 2203 1285 2282 Pla·
1336 2208 1380 2274 ad
1396 2201 1577 2306 Formicas
1592 2207 1672 2276 illas
1686 2195 1896 2304 pertinere,
1910 2237 2000 2306 quae
2014 2195 2141 2286 aurum
2156 2217 2333 2292 effodiunt

292 2334 416 2390 tenum
431 2335 591 2396 auream,
618 2335 657 2380 ac
674 2311 780 2382 vitem
795 2332 958 2392 auream,
982 2331 1023 2378 ac
1041 2321 1180 2400 postea,
1204 2331 1286 2378 cum
1337 2330 1378 2376 ex
1402 2305 1602 2388 montibus,
1634 2311 1694 2380 sed
1719 2311 1825 2380 ctiam
1853 2316 1895 2384 ad
1917 2322 2002 2402 nos,
2032 2318 2096 2412 qui
2123 2319 2162 2389 in
2190 2317 2331 2390 scholis

292 2419 436 2492 Xersen
462 2407 619 2505 hospitio
641 2411 849 2502 excepisset,
874 2409 1128 2508 interrogatum
1146 2407 1287 2492 dixisse,
1337 2421 1483 2477 naturas
1518 2431 1637 2478 rerum
1674 2413 1900 2504 inquirimus.
1944 2400 2182 2512 ¹Quanquam
2216 2437 2331 2492 autem

294 2544 331 2593 se
353 2530 490 2611 praeter
512 2514 642 2584 fundos
666 2508 797 2582 habere
817 2525 955 2582 tantum
979 2511 1116 2602 argenti
1141 2527 1176 2582 et
1198 2506 1288 2592 auri,
1338 2509 1508 2599 temporis
1529 2513 1689 2599 angustia
1714 2510 1878 2596 hocloco
1901 2541 1974 2588 non
1995 2521 2146 2611 patitur,
2173 2537 2213 2592 ut
2232 2525 2332 2594 insti.

190 2653 192 2656 ·
295 2620 392 2716 quod
416 2615 546 2696 valuit,
577 2627 619 2685 ut
639 2627 762 2684 nostro
783 2637 881 2685 more
902 2611 1109 2706 loquamur,
1134 2610 1288 2704 amplius
1338 2623 1479 2680 tuamne
1508 2611 1651 2702 longam
1674 2616 1964 2707 explicationem,
1997 2635 2115 2692 tamen
2135 2635 2175 2694 et
2199 2626 2270 2695 2153
2294 2649 2331 2695 η

295 2717 564 2818 quadringentis
581 2715 703 2788 tonnis
720 2712 994 2786 Coronatorum.
1339 2711 1526 2800 impedior.
1584 2711 1682 2784 Haec
1703 2714 1855 2808 intelligi
1877 2743 1951 2789 non
1974 2738 2141 2813 possunt,
2168 2725 2240 2799 nisi
2257 2751 2331 2798 ms·
2426 2755 2427 2816 q

396 2813 475 2892 Etsi
491 2831 607 2890 autem
624 2817 753 2887 mirum
769 2829 838 2902 est,
863 2829 978 2886 tantas
992 2813 1099 2886 luisse
1116 2835 1199 2904 opes
1212 2811 1289 2906 pri·
1339 2813 1682 2885 tallorumolbcinas
1694 2818 1800 2888 etiam
1816 2821 2018 2906 videamus,
2044 2839 2079 2895 et
2091 2827 2244 2898 varietas
2257 2852 2333 2898 ma-

295 2924 369 2996 vati
385 2917 562 3000 hominis,
586 2932 705 2989 tamen
721 2918 812 2988 illud
830 2917 1064 3007 multomagis
1080 2916 1211 2988 mirum
1226 2928 1289 3000 est,
1339 2915 1448 2985 leriae
1472 2929 1698 2992 monstretur.
1758 2918 1870 2990 Nemo
1897 2925 1993 2998 enim
2010 2924 2333 3019 PyritaeetGale-

295 3023 361 3103 has
384 3023 416 3092 ei
444 3045 518 3090 non
542 3022 724 3110 ademptas
744 3041 856 3090 esse'a
879 3016 1038 3107 Regibus
1062 3031 1096 3086 et
1119 3016 1288 3109 satrapis.
1340 3041 1407 3086 nare
1438 3016 1675 3088 differentiam
1707 3019 1893 3112 imaginari
1936 3029 2083 3118 poterit,
2125 3031 2192 3098 nisi
2226 3033 2335 3100 rebus

297 3125 403 3198 Nunc
417 3121 513 3193 enim
531 3123 690 3212 privatus
713 3133 828 3190 tantas
848 3121 1030 3190 facultates
1046 3120 1214 3190 adversus
1231 3141 1290 3190 ra·
1340 3119 1518 3211 inspectis.
1825 3197 1830 3206 ,

296 3229 482 3322 pacitetem
507 3219 649 3312 Regum
670 3234 705 3292 et
727 3219 935 3312 Principum
958 3219 1050 3292 tucri
1072 3242 1146 3289 non
1161 3233 1289 3311 posset.
1440 3215 1494 3290 De
1502 3221 1696 3312 posteriore
1706 3223 1911 3318 quaestione
1920 3227 2209 3304 breviterdicam.
2248 3232 2335 3305 Fuit

297 3327 395 3418 Ergo
428 3315 584 3394 vicissim
613 3335 704 3392 terra
736 3343 800 3392 sua
820 3345 966 3392 munera
997 3321 1101 3402 nobis
1130 3323 1290 3413 denegat,
1340 3320 1486 3414 aliquod
1507 3317 1646 3406 Atticae
1660 3319 1849 3398 drachmae
1862 3345 1898 3402 ct
1920 3331 2059 3404 denarii
2073 3331 2234 3406 Romani
2256 3337 2331 3406 dis.

299 3429 384 3524 quia
396 3425 559 3522 Tyranni
574 3437 609 3496 et
624 3424 686 3494 alii
702 3423 858 3514 improbi
877 3423 986 3494 iustos
1002 3445 1214 3514 possessores
1230 3447 1291 3493 ex·
1341 3423 1495 3508 crimen,
1525 3425 1588 3493 scd
1608 3448 1777 3521 perquam
1802 3412 1985 3520 exiguum,
2022 3431 2106 3506 ldeo
2128 3434 2247 3508 Latini
2264 3462 2332 3532 pro

300 3531 451 3604 cutiunt.
508 3525 632 3598 Postea
657 3539 817 3596 monetae
840 3525 1049 3618 corruptelis
1077 3525 1290 3601 defraudant
1341 3519 1510 3596 drachma
1527 3525 1712 3598 denarium
1731 3529 1857 3606 usitate
1872 3533 2008 3610 dicunt.
2086 3569 2090 3574 ·

299 3632 484 3727 populum.
1118 3655 1121 3662 ¹
1443 3623 1663 3698 Testimonia
1684 3631 1850 3722 colligere
1873 3636 1984 3705 multa
2006 3660 2156 3728 possem.
2207 3635 2336 3730 Quan-

277 3768 280 3774 ·
402 3727 609 3803 Ostendunt
631 3742 764 3799 veteres
779 3727 873 3800 libri
894 3727 1074 3800 rationum
1090 3724 1291 3801 Metallica-
1340 3741 1418 3803 tum
1448 3740 1566 3798 autern
1596 3730 1686 3801 lucis
1709 3734 1848 3806 accedat
1872 3730 2032 3811 historiis
2057 3752 2092 3810 et
2122 3739 2198 3812 luri
2225 3743 2338 3830 civili,

299 3860 400 3917 rum,
427 3833 532 3906 etiarn
541 3829 723 3926 Mysnicas
736 3831 967 3900 vcnasmulto
982 3830 1164 3902 uberiores
1173 3831 1292 3916 fuisse,
1342 3829 1480 3920 cognita
1506 3854 1544 3902 re
1565 3834 1765 3904 nummaria
1792 3837 1919 3916 veteri,
1954 3863 2060 3910 nemo
2086 3843 2239 3934 ignoret.
2294 3841 2337 3914 ln

301 3961 381 4008 cum
399 3935 563 4004 videlicet
577 3933 692 4003 tribus
705 3927 917 4002 haeredibus
933 3925 1205 4004 Marchionibus
1219 3947 1291 4006 tre-
1341 3929 1436 4021 Lege
1456 3929 1579 4018 Lecta,
1610 3935 1655 4004 de
1683 3935 1789 4008 rebus
1817 3940 1982 4025 creditis,
2018 3945 2139 4036 quales
2166 3947 2337 4018 tenebrae

301 4052 404 4108 centa
436 4035 550 4104 millia
579 4057 769 4104 aureorum
808 4033 998 4126 quotannis
1033 4036 1291 4125 pendebantur.
1341 4045 1443 4111 sunt,
1469 4033 1500 4102 si
1521 4035 1601 4126 quis
1623 4035 1764 4126 ignorat
1779 4042 1908 4111 veteris
1930 4043 1983 4112 rei
1999 4047 2222 4118 nummariae
2237 4073 2336 4118 com-

300 4137 406 4209 Nunc
431 4135 527 4206 velut
550 4135 669 4204 effoeti
691 4149 829 4206 montes
852 4157 1076 4228 nequaquam
1105 4138 1193 4208 adeo
1215 4137 1292 4208 loe·
1342 4134 1587 4225 putationem?
1637 4137 1708 4210 Sed
1732 4133 1825 4212 banc
1845 4155 1954 4226 totam
1968 4146 2250 4239 disputationem
2267 4151 2337 4222 dil-

302 4239 520 4314 condicunt.
571 4232 762 4326 Disputeut
778 4236 858 4316 alii,
886 4259 983 4308 suam
999 4238 1100 4330 quasi
1115 4254 1292 4310 senectam
1342 4237 1497 4307 feremus
1511 4237 1549 4306 in
1565 4237 1662 4310 aliud
1682 4254 1830 4334 tempus.
1882 4242 1975 4319 Dixi.
2037 4289 2042 4302 ·

299 4367 377 4412 esse
401 4355 534 4420 terrae,
565 4351 599 4408 et
614 4335 806 4426 significari
828 4331 934 4408 huius
953 4340 1077 4410 mundi
1097 4340 1292 4415 interitum.
2101 4332 2106 4344 ’

301 4442 378 4532 Ego
406 4441 528 4530 magis¹
548 4439 722 4523 arbitror,
753 4439 966 4510 sterilescere
990 4453 1119 4511 terram
1147 4455 1293 4535 propter
1347 4457 1940 4484 *mmmm

302 4543 513 4614 iniustitiam
543 4531 742 4614 homiuum.
801 4539 873 4612 Sed
898 4537 964 4612 hac
992 4541 1136 4635 querela
1162 4545 1291 4614 omissa
1355 4591 1410 4664 No
1448 4595 1494 4665 21

303 4646 466 4716 redeoad
481 4641 1291 4736 Plinium,inqnodcrcbusMetallicismul·
1350 4689 1520 4723 ww
1586 4673 1589 4680 ·
2077 4613 2336 4752 &Q

302 4759 338 4822 ta
354 4748 501 4816 obscure
517 4745 645 4848 scripta
661 4757 754 4861 sunt.
796 4743 886 4814 Nam
904 4759 939 4816 et
952 4746 1022 4816 alia
1036 4747 1195 4840 quaestio
1209 4745 1292 4837 plu·
1412 4775 1445 4831 tn
1459 4776 1625 4847 Quotation.
1640 4797 1668 4850 p.
1682 4781 1727 4838 ts.
1761 4781 1876 4841 Iterato
1891 4785 1997 4848 comit.
2011 4787 2079 4849 net
2091 4791 2123 4848 Ρ.
2135 4791 2157 4851 t.
2173 4812 2202 4866 p.
2214 4801 2279 4858 501.

297 4871 434 4926 ramum
456 4848 590 4936 negocii
613 4847 698 4916 lacrt
719 4847 886 4930 eruditis,
914 4848 1014 4918 cuius
1037 4847 1220 4940 explicatio
1237 4861 1292 4920 ta-

296 4971 385 5018 -men
401 4951 590 5020 necessaria
608 4962 660 5018 eet
673 4950 717 5018 ad
733 4952 975 5036 cognoscenda
989 4963 1106 5020 vetera
1121 4951 1291 5042 pondera,
1313 5004 1316 5012 ,
1343 4925 1541 5013 Quaestio,
1560 4930 1729 4998 ''emal‘'
1745 4929 1879 5025 nan.
1896 4931 2084 5028 GWW
2098 4937 2339 5019 Burmflss·
2426 5019 2427 5026 ,

301 5053 346 5120 ad
369 5049 537 5122 Monetae
555 5051 686 5141 precia.
747 5046 848 5122 Alibi
875 5051 961 5120 dicit
980 5049 1137 5134 Plinius,
1170 5050 1291 5123 Dena—
1455 5049 1511 5097 Μ
1539 5025 1818 5126 G⁰idb079⁰²⁸⁸is
1851 5029 1910 5106 15·
1925 5029 2084 5129 melli·
2107 5039 2219 5122 1541·

295 5145 558 5271 rium-habere
586 5154 725 5270 pondus
751 5147 950 5271 Dracltmae
972 5152 1120 5225 Atticae.
1178 5153 1289 5228 Libro
1343 5137 1561 5250 Quanquam
1579 5176 1676 5250 grata
1692 5176 1743 5233 est
1759 5159 1849 5234 milri
1862 5166 2111 5245 benevolentia
2124 5199 2338 5276 praecepto·
2426 5151 2427 5246 l

183 5312 186 5322 .
298 5269 479 5351 trrccumo
516 5267 619 5326 tertro
650 5269 715 5339 art,
749 5279 789 5324 ex
813 5252 921 5325 Libra
950 5267 1089 5328 tantum
1112 5257 1290 5349 octoginta
1341 5281 1438 5347 rum,
1484 5261 1547 5356 qui
1575 5259 1666 5334 mihi
1688 5260 1930 5370 honerosum
1951 5273 2154 5350 tribuerunt
2175 5287 2339 5376 quadam
