4888 5962
284 157 363 238 032
871 137 1298 236 Quassrtotstts
1327 138 1733 226 ACADEMlCdll·
2245 136 2327 214 m

242 315 244 329 ’
287 334 387 414 tiana
401 327 519 425 spargi
533 333 703 419 percerte
720 319 811 402 locs,
836 318 1030 410 quodcum
1043 317 1101 403 tit,
1127 315 1283 390 locailla
1332 341 1482 410 poenas,
1506 339 1712 398 moveamur
1727 315 2008 410 prosimi'tarrse
2025 328 2144 388 mutus
2158 315 2328 386 morda-

291 436 444 530 impulsa
464 431 500 500 vi
516 425 693 500 balituum
712 435 875 492 tremere.
911 415 1173 492 Constat'enim
1190 414 1304 498 ltalia¹
1328 420 1451 506 'tioue,
1477 419 1540 513 qui
1562 431 1674 492 totam
1695 441 1795 490 oram
1821 419 1866 490 ab
1888 417 2062 492 Har-cinis
2087 419 2134 488 ad
2151 413 2331 488 Drusiana

291 555 394 612 tuum
416 535 559 628 plenam
580 551 654 600 csse
675 536 825 608 terram,
851 535 885 594 et
902 523 1080 611 mugitus,
1104 521 1166 614 qui
1182 519 1286 590 audi·
1334 521 1530 605 concussit,
1554 533 1596 592 ut
1611 519 1802 592 excitemus
1822 543 1888 592 nos
1904 521 1948 592 ad
1970 517 2233 595 invocationem
2248 516 2332 598 Dei,

292 655 353 714 tur
376 640 415 712 in
435 651 549 708 terrae
570 642 689 706 motu,
723 625 866 714 signum
895 635 947 694 est
968 623 1197 696 volitantium
1221 622 1287 693 tta-
1335 637 1371 696 et
1391 622 1576 694 adomnia
1599 622 1657 712 pia
1679 621 1865 710 exercitia,
1888 637 1925 695 et
1946 635 2107 716 petemus
2128 645 2150 693 a
2170 621 2247 692 filio
2263 619 2334 694 Dei

295 757 416 826 tuum,
439 739 532 808 sicut
556 729 676 824 inquit
689 724 877 816 Virgilius:
1178 735 1181 742 '
1336 725 1594 814 mitigationem
1610 739 1816 816 poenarum.
1888 768 1892 780 ·
1922 762 1927 775 ν
1985 757 1988 764 ’
2061 741 2064 750 “

327 909 328 912 ,
397 845 461 910 Sub
476 843 603 927 pedibus
617 840 734 920 mugire
748 839 867 915 solum,
893 839 964 917 iuga
978 838 1058 898 aelst
1072 835 1202 904 moseri«
1411 847 1459 914 T„
1474 862 1593 912 mm
1609 869 1726 932 amp„
1740 865 1876 914 m.
1891 837 2169 928 fflfflcmg
2275 883 2279 893 .

295 942 344 1020 Et
362 942 447 1036 quia
464 935 504 1009 hi
524 933 657 1010 halitus
680 946 793 1004 terras
813 945 948 1004 meatus
970 931 1205 1023 patefaciunt,
1229 927 1289 998 iu-
1492 951 1683 1037 ¹¹³⁸m⁰⁸t¹¹⁸
1696 956 1756 1034 {pq
1774 972 1830 1018 ,0,
1845 937 1901 1016 tas
1912 955 2018 1016 dm„
2032 965 2125 1035 “8¹¹¹

296 1047 436 1120 tardum
459 1055 496 1112 et
517 1061 609 1133 aqua
632 1032 848 1114 effunditur,
876 1033 980 1105 carius
1000 1058 1075 1104 non
1104 1045 1158 1102 est
1189 1044 1289 1102 tants
1414 1049 1491 1118 'rm
1504 1057 1589 1117 „lm
1601 1059 1636 1117 ᾖ,
1649 1057 1769 1118 pm,
1781 1065 1871 1120 mg„
1885 1053 2076 1140 ΨΜ,
2091 1071 2202 1132 m,

195 1213 197 1218 ,
295 1146 397 1238 copia
419 1143 458 1214 in
478 1140 616 1232 magnis
640 1135 842 1216 montibus,
874 1147 914 1207 ut
935 1135 1095 1230 potuerit
1121 1157 1182 1206 eos
1202 1157 1289 1204 con·
1491 1155 1561 1224 R„
1576 1159 1629 1220 „aa
1642 1171 1827 1242 pm„
1842 1173 1872 1222 ς,
1885 1157 1966 1222 ,1502
1982 1179 2046 1223 ,m
2058 1155 2170 1222 nm,

295 1262 439 1326 ‘mm'
1782 1269 1878 1345 Dixi.

398 1347 497 1420 Haec
522 1347 567 1416 de
588 1363 691 1414 causa
710 1336 911 1434 propinqua
933 1351 1028 1410 recte
1050 1337 1122 1411 dici
1141 1330 1290 1428 abdri-
1342 1391 1347 1396 .
1605 1353 1612 1365 ·
1919 1390 1920 1399 ,

293 1451 422 1532 stotelc
436 1451 619 1522 fateamur.
670 1442 839 1516 Sedeasu
856 1454 1011 1514 natanta
1023 1440 1173 1513 flatuum
1189 1439 1291 1529 copis
1342 1487 1400 1509 ...-
1811 1475 1816 1486 ·
1976 1477 2008 1494 ι,
2236 1469 2330 1508 ...4

295 1557 338 1626 in
358 1577 464 1624 unam
479 1548 661 1640 regionem
680 1542 873 1626 incumbit,
899 1557 938 1614 ut
955 1557 1143 1614 concutere
1160 1558 1289 1614 terrare
1747 1591 1751 1601 .
1832 1607 1835 1614 ,
2161 1571 2165 1580 -

293 1653 434 1752 possit?
467 1650 600 1722 Verum
622 1663 675 1720 est
697 1646 793 1740 quod
816 1648 949 1717 Seneca
972 1644 1075 1714 dicit:
1101 1641 1235 1718 Omnis
1253 1645 1292 1712 in
1354 1628 1502 1706 Nn.66.
1614 1703 1617 1712 ,
1832 1683 1837 1690 -
1924 1683 1927 1691 -
1959 1662 1972 1687 ν.
2010 1705 2015 1716 ,
2071 1643 2136 1711 tu.
2153 1641 2216 1708 lu.
2234 1642 2330 1712 1554,

215 1823 217 1832 a
292 1761 381 1849 suga
407 1767 534 1825 ventus
557 1763 627 1836 est,
663 1749 895 1822 concedamus
919 1769 983 1818 sus
1009 1760 1135 1818 natura
1160 1742 1292 1817 halitus
1347 1729 1519 1758 ’Ν
1614 1787 1638 1838 ¹·
1868 1798 1873 1809 .
2049 1759 2053 1778 ¹
2103 1735 2312 1771 m

299 1861 460 1934 volucres
483 1869 517 1926 et
541 1852 723 1926 instabiles
744 1871 834 1918 esse:
871 1851 933 1918 sed
953 1849 1052 1918 unde
1072 1863 1171 1921 tante
1191 1847 1292 1939 copia
1410 1846 1444 1902 ¹¹¹
1459 1845 1611 1922 Quaotp.
1623 1845 1674 1905 ιιι
1686 1865 1751 1922 sqq.
1784 1849 1896 1906 taenia
1912 1846 2017 1909 ῦοιιιιι
2036 1851 2066 1914 t’.
2082 1849 2118 1908 tt.
2133 1869 2160 1922 a.
2174 1849 2232 1907 sss

301 1974 495 2140 {bid
496 1956 659 2129 ltili?
662 1965 824 2145 lid?
827 1949 840 2020 ¹
842 1949 900 2121 aq
908 1949 1292 2136 ‘ill'ddtd'ltz
1344 2009 1523 2092 aaran„
1562 2011 1768 2100 ruoss-
1789 2001 1843 2077 n
1879 2013 2081 2084 sueto
2113 2007 2333 2100 suem,

301 2181 474 2238 tremores
500 2157 662 2247 prodigia
689 2175 780 2238 csse,
814 2177 905 2248 quae
935 2153 1026 2224 itant
1053 2155 1226 2224 divinitus
1247 2155 1292 2223 ad
1343 2113 1499 2184 ⁰⁰⁰l⁰fl
1527 2106 1673 2202 πω,
1719 2109 1786 2189 ²93
1811 2113 1970 2184 ΜΨ·
1997 2109 2106 2190 ¹5⁶⁴·
2131 2135 2159 2186 ⁶
2187 2117 2332 2206 P⁰¹fl⁰

303 2261 667 2338 commonefaciendus
700 2251 862 2348 homiues
892 2257 937 2325 de
971 2257 1132 2326 ventstris
1156 2257 1293 2348 poeuis.
1665 2259 1670 2266 '
1761 2211 1912 2287 mm·
2078 2316 2082 2325 ,
2150 2310 2155 2316 .

302 2365 477 2444 Fortassis
499 2375 532 2430 et
555 2360 676 2454 aliqua¹
696 2359 731 2428 vi
753 2359 934 2428 stellarum
959 2372 1133 2445 augentur
1151 2352 1293 2442 halitus,
1344 2341 1695 2431 Convenientissima
1730 2373 1780 2431 est
1812 2355 1897 2433 huic
1924 2371 2064 2434 nostrae
2090 2365 2198 2436 aetati
2225 2369 2334 2439 virtus
2424 2403 2425 2430 ÷

134 2511 136 2522 ι
228 2511 233 2518 ,
293 2484 340 2556 ,et
380 2464 584 2538 accenditur
623 2463 794 2552 impetus,
833 2473 872 2530 ut
913 2457 1122 2532 Aristoteles
1159 2459 1293 2553 inquit:
1345 2461 1576 2546 verecundia,
1603 2487 1693 2555 quae
1709 2477 1760 2534 est
1775 2463 1875 2558 quasi
1891 2466 2071 2538 nutricula
2092 2469 2248 2542 aliarum
2264 2471 2332 2538 vir·
2424 2489 2425 2548 j

302 2565 573 2662 EclipsesSolis
588 2577 622 2638 et
637 2562 760 2634 Lunae
774 2562 911 2632 adferre
927 2575 1040 2634 terrac
1055 2575 1184 2635 motus.
1217 2559 1295 2632 sd·
1346 2576 1473 2635 tutum.
1523 2559 1647 2657 Neque
1671 2566 1766 2633 enim
1787 2565 1880 2637 flecti
1902 2570 1948 2637 ad
1963 2571 2249 2643 moderationem
2265 2572 2334 2644 ulla
2424 2561 2425 2578 ¹

304 2673 414 2764 lungo
436 2682 471 2740 et
494 2667 589 2736 diras
611 2665 748 2758 aliquas
770 2663 1039 2733 coniunctiones
1055 2661 1294 2732 Planetaruna.
1346 2666 1382 2732 iu
1400 2678 1498 2756 parte
1514 2659 1708 2736 honestatis
1727 2681 1840 2760 potest
1854 2669 1902 2756 is,
1928 2665 1991 2764 qui
2014 2697 2088 2740 non
2105 2689 2334 2746 revereturet
2424 2751 2425 2758 χ

304 2773 534 2848 Concurrunt
557 2767 651 2838 etaim
678 2761 763 2838 haec
789 2767 900 2855 signa.
952 2761 999 2836 Et
1024 2766 1131 2836 simul
1152 2767 1294 2834 denun-
1345 2765 1550 2856 magnifacit
1565 2767 1743 2854 virorum,
1769 2783 1899 2852 aetate,
1924 2773 2095 2860 sapientia
2117 2777 2153 2846 et
2173 2771 2334 2846 authori·

304 2878 402 2948 ciant
420 2882 566 2962 magnas
587 2869 813 2940 calamitates.
866 2863 1038 2958 Exempla
1060 2866 1099 2938 in
1118 2867 1303 2936 veteribus
1345 2881 1414 2940 tate
1433 2868 1685 2958 praeditorum,
1711 2872 1846 2940 monita
1864 2895 1904 2942 ac
1920 2873 2060 2946 iudicia.
2110 2871 2205 2946 Eam
2225 2879 2335 2947 virtu-

304 2975 465 3053 historiis
496 2972 628 3064 ubique
652 2971 873 3043 obviarunt.
933 2965 980 3040 Et
1001 2971 1097 3062 quod
1125 2966 1295 3059 Virgilius
1347 2987 1416 3040 tem
1439 2993 1519 3043 curn
1540 2971 1701 3064 quotidie
1724 2971 1815 3042 veris
1836 2973 2004 3066 laudibus
2025 2975 2130 3047 nobis
2154 3001 2335 3054 commcn-

305 3080 442 3173 inquit:
465 3073 624 3148 lnsolitis
635 3085 858 3144 tremuerunt
871 3071 1027 3142 motibus
1038 3071 1162 3162 Alpes.
1195 3069 1294 3140 Idem
1346 3071 1425 3142 daci
1447 3071 1609 3156 audiam,
1634 3087 1668 3144 et
1681 3073 1796 3143 colere
1809 3079 1993 3160 studeam,
2018 3075 2188 3150 nonnihil
2206 3096 2334 3166 metuo,

305 3181 435 3252 accidit
449 3191 530 3247 ante
553 3195 666 3244 annos
688 3172 901 3252 octodecim,
926 3172 1132 3265 priusquam
1146 3169 1296 3242 Carolus
1343 3167 1999 3268 neinsuspicionentviciipugusntis
2020 3204 2102 3252 cum
2123 3175 2336 3254 hovirtutc
2422 3241 2424 3248 .

306 3283 452 3354 duceret
464 3277 654 3348 exercitum
670 3274 706 3342 ln
723 3273 880 3356 Galliam
891 3270 1167 3344 Narbonensem.
1202 3269 1297 3342 Ante
1346 3276 1441 3365 apud
1457 3299 1519 3344 vos
1535 3275 1829 3370 incidam,·quod
1846 3273 1917 3349 -hue
1934 3281 1972 3349 in
1986 3303 2184 3353 consessum
2198 3283 2335 3373 gravis-

305 3403 422 3456 snnos
443 3391 574 3472 septem
597 3389 632 3448 et
650 3375 797 3466 uiginti,
829 3387 1018 3468 antequam
1035 3371 1147 3444 Tucci
1165 3369 1295 3444 Albam
1334 3377 1518 3471 ¹simorum
1535 3390 1569 3446 et
1591 3377 1876 3452 doctissimorum
1892 3381 2053 3458 virorum
2073 3385 2171 3456 toties
2183 3387 2334 3476 prodeo,

305 3508 465 3577 graecam
481 3490 667 3570 ceperunt,
691 3491 766 3550 toto
782 3479 902 3549 triduo
917 3476 1046 3548 vicinia
1061 3477 1123 3546 illa
1141 3475 1298 3560 tremuit,
1331 3475 1417 3548 -Sed
1433 3471 1612 3549 escusabit
1626 3503 1682 3548 me
1699 3483 1792 3572 apud
1810 3505 1874 3550 vos
1888 3474 2031 3556 scitulae
2048 3487 2271 3570 consuetudo,
2298 3501 2335 3556 et

305 3601 342 3658 et
355 3586 464 3656 multa
479 3580 638 3652 aedificia
653 3579 806 3672 collapsa
823 3594 919 3652 sunt.
971 3573 1213 3650 Autebellum
1228 3575 1296 3648 Pe·
1348 3603 1491 3661 eorum,
1527 3583 1871 3674 quorumpotestati
1902 3585 2130 3678 divinalege
2157 3588 2337 3660 subiectus

305 3686 597 3780 loponnesiacum
612 3679 788 3756 Laconica
804 3683 893 3752 adeo
911 3680 1118 3752 terribiliter
1134 3692 1296 3772 quassata
1348 3703 1444 3764 mm,
1474 3675 1692 3769 authoritas,
1726 3709 1831 3777 quarn
1865 3687 2031 3780 defugere
2051 3672 2337 3775 contumaciter,

306 3805 485 3864 esttcrrae
500 3798 610 3868 motu,
633 3797 673 3856 ut
688 3797 760 3856 tota
776 3783 906 3874 oppida
922 3782 1131 3867 corruerint,
1149 3780 1296 3852 etmulti
1348 3781 1509 3874 iaspietas
1538 3797 1637 3856 esset.
1688 3781 1770 3858 Non
1800 3790 1918 3858 aute'm
1947 3791 2071 3862 aetatis
2101 3809 2246 3864 nostrae
2274 3795 2338 3866 fert

306 3887 470 3964 homines
485 3886 601 3962 ruinis
615 3885 773 3976 oppressi
789 3885 872 3958 sint.
919 3881 1015 3956 Ante
1029 3907 1185 3976 pugnam
1199 3882 1297 3954 Leu-
1348 3884 1589 3970 intlaecillitas,
1614 3886 1796 3979 inquirere
1809 3906 1932 3960 causas
1942 3886 2054 3964 ltuisas
2067 3895 2203 3984 publici
2219 3897 2338 3976 moris,

271 4077 274 4082 ¹
306 3994 451 4066 ctricam
472 3989 618 4062 biennio
641 3985 748 4058 Buris
767 4001 802 4070 et
826 3984 950 4060 Helice
972 3999 1086 4060 terrae
1110 3998 1209 4058 motts
1233 3985 1298 4054 ab·
1347 4009 1412 4056 eur
1426 3985 1464 4056 in
1478 3981 2010 4080 hisseniormncongcessibns,
2036 3995 2144 4065 etiarn
2160 3997 2337 4088 pnerisad

308 4109 447 4187 sorptaa
468 4107 559 4166 sunt.
618 4087 815 4180 Eutropius
841 4088 983 4174 scribit,
1015 4088 1177 4179 proximo
1201 4109 1296 4155 anno
1347 4087 2079 4185 dicendamtomsatiqadssttatrabatus.
2136 4095 2338 4170 Verisimile

304 4211 385 4290 post
401 4193 504 4268 Pauli
523 4192 684 4285 Apostoli
702 4215 844 4274 necem,
869 4205 983 4262 terrae
1000 4203 1099 4266 motu
1115 4189 1297 4280 absorptos
1347 4203 1466 4260 tamen
1481 4203 1544 4275 ast,
1568 4191 1720 4290 maiores
1734 4205 1876 4268 nostros
1890 4193 2337 4292 ¹uoluisse·ltisspectseulis

238 4324 241 4330 ·
307 4323 382 4369 esse
405 4294 617 4369 Laodiceam
642 4307 679 4363 ct
699 4291 880 4378 Colossae,
923 4289 961 4360 in
985 4317 1056 4386 quo
1080 4291 1241 4382 wcaemplu
1262 4301 1298 4360 et
1347 4293 1539 4362 accendere
1562 4292 1601 4361 in
1623 4307 1744 4365 nostra
1763 4307 1876 4366 aetate
1887 4297 2162 4380 admirationem
2186 4319 2226 4372 et
2244 4327 2338 4372 amo-

305 4425 419 4494 pocna
437 4397 653 4489 conspicitur
670 4394 872 4487 impiorum,
898 4393 958 4489 qui
979 4391 1081 4466 Pauli
1097 4392 1296 4466 doctrinam
1347 4417 1421 4466 rem
1434 4388 1563 4464 ltorum
1584 4395 1805 4483 studiorum,
1827 4421 1923 4494 quae
1935 4395 2113 4474 Ecclesiae
2127 4401 2201 4476 Dei
2224 4428 2340 4476 nse*

306 4503 484 4594 aspernati
505 4501 663 4576 fuerant,
696 4511 731 4570 et
752 4495 961 4586 significatio
983 4493 1183 4568 futurarum
1202 4496 1297 4566 oala-
1345 4495 1438 4566 sacia
1456 4509 1549 4566 sunt.

303 4601 470 4678 mitatum
485 4598 593 4676 Asiae
606 4599 762 4690 vicinae,
785 4613 818 4672 et
833 4598 1020 4680 saeviciae,
1046 4623 1151 4693 quarn
1167 4594 1297 4668 Domi-
1448 4593 1627 4668 Videntur
1649 4612 1755 4670 etun
1777 4592 1845 4672 boc
1867 4595 2033 4686 habuisse
2051 4605 2275 4697 consilinm,
2306 4625 2342 4682 ut

296 4705 428 4788 ,traaas
448 4707 485 4778 io
507 4729 547 4776 aa
565 4703 639 4796 ipss
656 4701 755 4774 orbis
775 4713 874 4793 parte
890 4699 1062 4780 exercuit,
1088 4723 1169 4770 cum
1186 4712 1220 4770 et
1238 4697 1297 4768 lo·
1345 4698 1529 4790 productis
1550 4698 1669 4790 praecis
1687 4700 1726 4772 in
1747 4695 1814 4772 fros
1829 4719 1967 4792 costes,
1991 4706 2056 4777 ubi
2071 4701 2236 4782 moeres
2259 4735 2342 4784 con-

306 4801 463 4882 bannsm
492 4828 614 4878 senem
635 4801 849 4896 Apostolum
878 4804 1021 4872 exulare
1044 4799 1168 4890 co‘e'git.
1196 4857 1198 4864 .
1222 4799 1295 4872 Sed
1318 4851 1321 4858 ‚
1345 4802 1510 4872 feruntur
1533 4803 1977 4895 doctrinapraestarttibus
1991 4809 2098 4892 viris,
2114 4813 2342 4886 seniores-et

305 4907 432 5004 plenae
447 4921 529 4980 sunt
542 4903 712 4978 historiae
725 4903 979 4995 exemplorum,
1345 4901 1521 4974 doctiores
1542 4903 1583 4972 in
1597 4899 1755 4977 Ecclesia
1769 4907 1819 4978 sle
1834 4911 2006 4980 modestia
2024 4913 2287 5001 admonerent,
2309 4933 2341 4986 et

286 5059 293 5068 ·
407 5006 511 5084 Nunc
530 5009 723 5080 clarissime
737 5005 892 5080 Domine
907 5001 1058 5087 Doctor,
1081 5003 1151 5074 iarn
1171 5017 1296 5077 ornate
1343 5003 1472 5074 iisdem
1483 5005 1591 5076 ctiam
1607 5003 2342 5089 nostramltancinfsmasnaetatesncom·

304 5107 503 5184 honorifico
520 5109 734 5192 testimonio,
758 5121 936 5200 atepeto‚
963 5120 1002 5178 ut
1016 5107 1125 5178 latius
1138 5107 1296 5196 disputes
1342 5109 1571 5192 mandarent,
1604 5131 1712 5207 quae,
1746 5109 1913 5184 straneas
1933 5115 2031 5184 bona
2055 5135 2139 5206 pars
2160 5113 2342 5192 Ecclesiae

289 5216 350 5292 ,dc
366 5209 432 5284 hac
450 5213 671 5303 quaestione,
697 5235 737 5287 ae
751 5211 975 5284 auditoribus
990 5232 1162 5298 exponas,
1185 5231 1295 5306 quare
1332 5204 1432 5290 .Dci·,
1452 5208 1601 5300 negligi,
1627 5223 1665 5282 et
1683 5233 1789 5303 ραις
1804 5213 1966 5286 doctrina
1979 5218 2155 5288 etmalis
2168 5221 2343 5314 ‘amplia

304 5315 400 5388 luem
417 5315 579 5386 adferant
596 5325 709 5386 terrae
729 5327 857 5389 motus.
906 5307 956 5386 Et
976 5311 1060 5408 quia
1082 5310 1295 5388 minitentur
1317 5311 1319 5320 ’
1343 5311 1525 5406 corrumpi
1541 5335 1763 5410 nequaquam
1778 5313 1895 5394 debet.
1944 5312 2016 5390 Sed
2037 5321 2168 5394 omissa
2183 5347 2347 5396 comma,

1782 5442 1810 5483 ‚a
1866 5447 1902 5504 ΛΔ.
1966 5445 2044 5486 1μ.
