4864 5980
225 228 359 349 ,ιιι
1062 226 1534 308 ruanuounuuu.
1609 214 1611 218 ’
1775 241 1813 266 ν·
2243 233 2317 309 ιιι

282 424 378 484 eraut
397 412 454 480 illo
475 420 624 496 tempore
644 405 843 474 Franciaens
862 398 1055 470 Barchhard
1074 399 1297 485 vinariensis,
1319 400 1479 472 binemus
1492 401 1660 483 llbaeras,
1680 401 1890 470 Eberhardns
1903 401 2070 483 liuohius,
2090 401 2233 468 loannes
2248 403 2319 470 Sit·

285 504 477 584 berhorner,
506 496 647 563 Ursinus
666 493 802 575 Velius,
829 487 1055 556 Theudoricus
1074 485 1292 554 Reiffensteln
1322 498 1358 554 et
1383 489 1475 554 malti
1496 487 1568 572 alii,
1595 489 1649 574 qai
1678 489 1776 558 etiarn
1805 491 2047 556 exercitationis
2068 506 2171 560 cauea
2192 490 2321 556 tabutas

227 607 231 629 ¹
286 599 451 666 ”immi
479 593 516 648 ¹¹²
537 579 662 662 Phuni
688 576 852 659 ‘fmilia
877 575 1037 660 ΨΜ»
1065 573 1099 639 ῙΠ
1119 590 1255 658 llum!
1276 589 1372 638 usum
1393 573 1587 640 blelauthon
1604 573 1730 642 multus
1751 575 1883 660 scripsit
1904 592 2032 641 versus·
2076 572 2145 640 Sed
2173 575 2248 640 iuda
2278 578 2321 640 ab

287 693 371 739 anuo
394 669 497 737 seculi
517 667 604 732 illias
624 665 788 730 tricesimu
809 663 854 728 ita
875 661 1059 744 implicatus
1081 669 1134 724 est
1156 659 1294 744 publicis
1316 659 1456 743 negotiis
1469 669 1504 730 el
1525 669 1573 725 tut
1588 661 1752 744 tantisque
1765 659 1929 724 laboribus
1943 661 1975 724 in
1990 658 2202 732 emendandis
2217 662 2349 734 morta.

271 753 440 838 obrutus,
469 764 505 818 at
526 753 566 818 ah
587 751 641 814 illo
663 759 810 832 tempore
832 747 937 810 ociaru
957 743 999 810 ad
1020 743 1163 809 carmina
1184 741 1334 810 iacienda
1355 746 1388 808 ei
1407 761 1481 808 raru
1503 743 1746 810 concederetur.
1789 745 1945 810 Attamen
1969 763 2032 808 aun
2052 762 2190 829 prorsus
2211 765 2232 810 a
2253 747 2323 830 pri-

288 847 375 910 stina
396 837 629 906 consuetudine
651 833 801 914 dellexit,
821 829 883 895 sed
904 831 1030 911 blusis,
1050 839 1087 894 at
1107 839 1222 907 antea,
1244 831 1375 894 vacavit
1396 829 1577 913 ubicunque
1597 829 1682 896 inter
1701 831 1831 895 labores
1853 829 1999 914 publicus
2018 829 2073 892 vel
2093 829 2240 914 privatus
2259 832 2324 896 ali·

290 929 368 1014 quid
389 927 446 993 otii
466 925 496 988 ei
517 922 661 988 dabatur.
706 920 829 983 'restes
849 925 928 980 suut
949 917 1091 980 carmina
1112 915 1143 978 ia
1166 915 1327 996 colloquio
1351 915 1585 980 wormatiensi
1599 935 1652 984 an.
1670 915 1763 982 1510.
1785 925 1820 982 et
1841 915 2072 998 Batisbuuensi
2094 916 2268 1000 ιιι.1511.,
2290 927 2326 982 et

289 1018 322 1080 in
344 1015 458 1078 itinere
480 1007 641 1074 ιιι.1552.
663 1002 900 1086 Nurimbergae
923 997 1112 1082 scripta*).

418 1126 609 1208 Quanquam
631 1140 712 1186 vero
733 1117 925 1184 Melanthea
946 1134 1026 1182 suos
1047 1115 1230 1180 versiculus
1259 1115 1411 1196 „ieiunos
1438 1123 1473 1178 et
1494 1113 1623 1197 ineptos
1645 1117 1749 1180 esse”
1774 1115 1924 1198 patabat,
1957 1124 1992 1179 et
2011 1133 2173 1198 nunquam
2200 1115 2325 1181 moveri

291 1213 412 1301 potuit,
435 1222 470 1278 nt
491 1211 633 1274 carmina
654 1225 717 1270 saa
737 1204 907 1288 colligeret
928 1212 962 1266 et
975 1202 1104 1279 ederet,
1130 1203 1212 1284 imo,
1233 1211 1268 1264 ut
1291 1199 1384 1263 docet
1397 1199 1537 1282 epistole
1561 1198 1635 1263 Vol.
1651 1199 1695 1264 X.
1716 1219 1748 1283 p.
1763 1198 1856 1282 ιιι,
1878 1200 1980 1264 noluit
1995 1217 2055 1264 eoa
2069 1203 2111 1266 ab
2129 1201 2201 1266 aliis
2215 1202 2324 1286 colligi

277 1291 327 1368 'et
347 1298 417 1382 adi,
439 1307 548 1362 tamea
570 1293 720 1358 homiues
742 1287 828 1354 ducti
850 1287 936 1352 illius
959 1291 1113 1370 temporis
1136 1286 1229 1361 aliter
1251 1284 1445 1366 iudicarunt,
1475 1293 1527 1362 st,
1548 1293 1585 1350 ut
1606 1287 1712 1348 amaia
1734 1301 1817 1368 quse
1836 1283 2048 1366 Melanthea,
2070 1304 2167 1368 quera
2188 1286 2322 1368 „Prae-

291 1394 455 1470 ceptorem
478 1379 694 1444 Germaniae”
726 1373 929 1456 salutabant,
960 1375 1023 1437 sori
1048 1381 1156 1455 serat,
1185 1369 1463 1453 magnileueruat,
1491 1369 1542 1432 sic
1563 1370 1661 1434 etiam
1682 1371 1824 1434 carmitra
1846 1371 1919 1434 eius
1941 1369 2090 1434 studiose
2112 1371 2326 1456 collegerunt.

292 1471 387 1553 Quod
408 1451 545 1552 primda,
567 1469 722 1546 quantum
745 1461 886 1540 scimus,
915 1457 996 1522 lecit
1016 1393 1156 1520 Ιιιιιιιιι
1177 1449 1412 1553 Reiffeurlrr'u,
1438 1454 1535 1552 baaru
1557 1452 1674 1518 doctus
1696 1465 1731 1520 ct
1751 1455 1915 1518 literarum
1937 1455 2168 1540 elegantiarum
2189 1458 2328 1538 amous,

124 1577 127 1584 ⁴
244 1623 245 1628 ,
293 1558 399 1642 quiin
421 1548 598 1616 Academia
620 1545 838 1610 Luovaniensi
860 1542 967 1606 studia
988 1542 1129 1620 lecerat,
1151 1541 1259 1623 ibique
1281 1560 1313 1604 ιιι
1334 1536 1582 1602 familiaritatem
1606 1539 1734 1604 lllrasmi
1748 1538 1960 1604 lioterodami
1973 1552 2007 1605 et
2021 1539 2327 1606 Cauloniiveucrat.

294 1642 348 1708 ct.
370 1641 455 1721 ιρι).
477 1633 552 1698 ’1.1.
575 1651 607 1714 p.
621 1630 686 1694 titt
700 1647 752 1714 sq.
774 1640 808 1694 et
829 1627 905 1692 Vol.
921 1627 963 1692 ll.
986 1646 1017 1710 p.
1034 1624 1109 1690 617.
1157 1625 1191 1688 ιι
1219 1626 1317 1690 otiam
1339 1625 1482 1688 versatio
1506 1635 1565 1693 est
1589 1623 1805 1708 witeburgae
1812 1669 1822 1706 ,
1857 1626 1911 1688 abl
1940 1622 1999 1688 lllii
2028 1623 2137 1691 lratris
2166 1626 2327 1692 Guilielmi

195 1735 210 1757 ⁴
293 1719 533 1794 Relllensteiuii
555 1715 821 1800 Stolburgeusis,
855 1711 1043 1794 disciplinae
1065 1709 1287 1792 Melantbaais
1317 1707 1424 1775 traditi
1452 1720 1563 1792 eraut,
1583 1718 1645 1794 et,
1673 1720 1710 1774 ut
1732 1710 1883 1792 aliorum,
1918 1711 1963 1775 ita
1983 1713 2082 1775 etiarn
2104 1711 2327 1777 Melanthonia

294 1811 434 1876 carmina
456 1793 516 1867 sihi
546 1800 694 1888 studiose
715 1797 888 1880 descripsit
915 1807 949 1862 et
971 1793 1120 1879 collegit,
1155 1803 1190 1860 ot
1210 1791 1295 1858 hauc
1315 1793 1361 1858 ita
1381 1793 1548 1858 collectam
1579 1793 1774 1878 farraginem
1802 1795 1976 1858 carminum
1999 1814 2118 1860 versas
2139 1807 2326 1862 autumnum

295 1899 371 1965 aaut
394 1891 489 1956 1527.
518 1887 560 1953 ad
583 1883 740 1950 Iuouuem
761 1881 944 1964 διιιιίιιιιι,
973 1878 1215 1966 typographum
1236 1881 1531 1964 liugenaaenscm,
1559 1880 1661 1956 misit,
1688 1889 1724 1944 ιιι
1751 1880 1840 1963 typis
1868 1881 2127 1964 exscriberetar3
2158 1883 2253 1947 simul
2275 1883 2325 1946 bis

292 1983 396 2050 literis
417 1975 551 2042 additis:
1375 2007 1380 2016 ·

379 2085 649 2260 „urdltttt
663 2076 2328 2254 ltltt‘tulttt'illitati.‚⁰:2¹..tlltttltt,tz‘ltblllultttitd’llttl

380 2258 544 2348 „peritura
564 2261 668 2334 munt,
690 2251 751 2315 nisi
773 2271 841 2316 rara
861 2269 937 2316 ears
958 2259 1118 2316 uservata
1137 2260 1252 2316 esseut.
1296 2249 1366 2316 Scia
1387 2251 1485 2331 auia,
1506 2271 1554 2316 are
1569 2249 1627 2316 hae
1646 2269 1746 2332 μιιιι
1761 2253 1875 2314 delitiis
1896 2255 1996 2332 anagia
2013 2269 2104 2332 quara
2126 2265 2178 2316 ant
2197 2257 2328 2336 genna

380 2355 463 2431 „aut
485 2339 558 2404 ullis
581 2337 752 2402 Corinthiis
772 2339 858 2400 rasis
880 2336 961 2418 capi.
1010 2336 1195 2417 Quanquam
1223 2345 1324 2400 auton
1344 2357 1410 2400 non
1439 2338 1471 2400 in
1491 2336 1549 2400 hac
1571 2337 1690 2416 scripta
1716 2345 1806 2416 anat,
1834 2345 1864 2399 at
1886 2343 2032 2418 eduatrr,
2068 2341 2216 2420 pleraque
2237 2343 2329 2404 etlam

382 2427 509 2517 „allusu
529 2424 633 2490 verius
656 2422 833 2504 pericuum
857 2441 946 2505 qnam
966 2433 1109 2487 accurate
1132 2423 1245 2486 autad
1268 2421 1383 2488 lamara
1410 2423 1528 2504 ingenii
1547 2422 1670 2484 cardito
1693 2433 1780 2500 anat,
1808 2435 1990 2506 ramesege
2014 2426 2136 2506 patavi,
2166 2429 2204 2489 ad
2227 2445 2330 2489 exem-

382 2515 494 2600 „plnn
521 2510 692 2592 pertinere,
712 2507 737 2571 si
760 2507 908 2572 eiusmodi
932 2507 1019 2570 lusus
1040 2517 1201 2587 extarent,
1222 2505 1275 2586 qui
1298 2509 1536 2572 adolescentium
1559 2508 1662 2572 studia
1682 2507 1798 2569 alieubi
1814 2508 2088 2589 exaitareqaeuat.
2134 2511 2228 2576 Video
2251 2513 2328 2574 erist

381 2604 469 2684 „hoo
491 2617 548 2662 asu
570 2593 691 2673 venire,
724 2605 755 2655 ut
780 2595 856 2656 baro
878 2603 965 2655 aetas
987 2592 1078 2656 lacile
1102 2594 1273 2673 aequalium
1296 2593 1447 2673 exemplis
1469 2594 1612 2656 inritatur
1633 2595 1671 2656 ed
1695 2593 1812 2658 alatilia
1831 2597 1934 2659 studia
1955 2597 2099 2677 calenda,
2133 2607 2169 2690 eq
2186 2599 2328 2680 quemad·

382 2689 531 2770 „modam
555 2681 653 2764 iuquit
675 2680 841 2760 Horatius,
865 2677 992 2760 peribat
1014 2678 1167 2742 colludere
1186 2679 1311 2760 gestiat.
1364 2682 1441 2743 Sunt
1464 2691 1562 2742 autent
1585 2679 1615 2740 iu
1639 2679 1802 2745 bisetium
1824 2684 1971 2760 quaedam
1992 2684 2233 2766 epigrammata,
2255 2701 2330 2765 quse

381 2787 480 2856 „cum
502 2769 657 2848 voluptate
680 2765 769 2828 bomo
791 2765 928 2827 eruditas
952 2761 1055 2844 legare
1078 2763 1186 2846 possit.
1228 2763 1407 2829 Laudentur
1428 2762 1459 2828 ia
1481 2763 1541 2829 huc
1563 2771 1736 2846 puimatura
1757 2785 1868 2850 genere
1891 2771 1978 2832 salsa
1999 2769 2097 2854 dieta,
2128 2771 2225 2836 etiarn
2246 2789 2332 2834 aoern

383 2857 515 2944 „blora
565 2853 646 2918 Naar
670 2852 849 2916 dementiam
878 2868 964 2932 esse,
992 2847 1150 2914 Martialis
1177 2849 1295 2932 inquit,
1324 2871 1450 2932 sperare
1478 2849 1630 2936 laturam,
1657 2861 1687 2912 at
1709 2852 1869 2934 qaisquam
1896 2855 1978 2936 ligat
2008 2857 2195 2935 epigramma
2225 2875 2332 2938 param

305 2971 339 3019 ·,
375 2943 545 3026 Ι,,ι11ιιιιιιι,
571 2957 637 3001 cara
660 2937 720 3000 ait:

742 3055 875 3118 Nullaque
891 3052 964 3106 mles
979 3053 1066 3116 aalls,
1089 3065 1141 3108 aec
1157 3054 1246 3108 amari
1263 3053 1336 3106 tellis
1353 3056 1381 3106 iu
1399 3053 1456 3106 illia

784 3126 870 3178 Gutta
886 3125 940 3188 att,
965 3134 982 3176 o
1003 3124 1113 3178 domena
1132 3122 1176 3174 ιιι
1194 3127 1286 3176 tamea
1303 3125 1352 3175 ttla
1371 3124 1434 3190 lagt

304 3301 306 3306 ,
385 3232 493 3312 „Sunt
516 3226 611 3306 igitur
639 3223 700 3286 lari
724 3222 847 3302 quidam
869 3221 900 3282 in
925 3221 993 3299 his,
1022 3225 1074 3284 sed
1099 3222 1219 3286 innoxii
1247 3223 1398 3302 planeque
1422 3222 1580 3306 liberales,
1611 3243 1706 3305 arque
1728 3226 1892 3308 quidquam
1913 3245 2041 3306 ιιιιμιιιι
2062 3229 2146 3310 nigri
2174 3231 2254 3295 arlia
2279 3237 2333 3296 ad-

259 3369 262 3376 .
382 3327 554 3395 „specum
576 3320 634 3374 tul·
677 3309 821 3372 Scribant
844 3306 902 3368 lucc
924 3316 1058 3384 tempure
1081 3308 1219 3388 quidam,
1243 3308 1269 3369 si
1293 3306 1363 3370 bui
1386 3309 1503 3386 placet,
1525 3327 1636 3388 graves
1658 3311 1716 3371 riri
1742 3321 1858 3372 tanturn
1883 3329 1942 3373 eoa
1964 3307 2092 3390 ἁμάξας
2112 3317 2333 3404 βλασφημώ,

383 3399 481 3479 „ligo
502 3406 592 3478 puto,
615 3393 719 3455 utilius
743 3409 811 3454 esse
833 3391 881 3452 edi
905 3399 992 3476 etque
1017 3392 1078 3471 legi
1102 3391 1276 3454 huiusmodi
1297 3393 1432 3454 eruditos
1456 3404 1485 3455 et
1507 3395 1683 3458 incruentus
1702 3396 1804 3474 iocos,
1827 3399 2006 3476 praesertim
2029 3399 2056 3460 si
2079 3417 2155 3480 qaae
2178 3405 2334 3468 tanqum

383 3483 500 3566 „utilia
523 3481 599 3543 ritae
621 3491 649 3542 et
670 3477 805 3540 moribus
827 3485 1011 3558 praecepta,
1040 3477 1148 3558 quales
1170 3478 1203 3540 iu
1224 3477 1275 3542 his
1298 3477 1416 3562 aliquot
1437 3479 1583 3559 reperias.
1633 3481 1721 3544 Mitto
1744 3481 1837 3562 igitar
1859 3482 1914 3546 tibi
1939 3481 2080 3550 libellam
2102 3483 2333 3576 publicandam,

382 3567 561 3650 „cupioque
583 3583 679 3628 areuna
702 3565 735 3626 in
757 3563 870 3668 edendo
894 3563 1054 3624 consilinm
1078 3563 1133 3628 tibi
1154 3571 1183 3626 et
1203 3557 1276 3626 aliis
1299 3565 1389 3630 bouis
1408 3563 1485 3627 riris
1509 3564 1648 3646 probari.
1689 3566 1790 3632 Vale'’

298 3701 447 3774 suecrius
474 3703 557 3766 bruc
584 3700 646 3764 sibi
678 3697 811 3796 missam
838 3691 1034 3796 frnagiqem
1061 3695 1237 3762 carminum
1264 3693 1483 3760 Melanthouis
1515 3703 1554 3794 et·
1585 3696 1658 3759 eius
1695 3694 1940 3784 discipulorum,
1976 3691 2158 3786 praemissa
2192 3709 2333 3792 epistota

179 3829 197 3852 ι
300 3787 557 3870 mirensium,
579 3785 689 3852 atatim
709 3793 799 3866 typus
821 3791 1004 3863 exscripsit
1048 3781 1170 3848 Prodiit
1187 3783 1418 3866 igitarmease
1430 3781 1576 3852 laudario
1596 3799 1647 3844 an.
1667 3781 1779 3846 thid:

342 3899 513 3991 „demago
532 3901 651 3984 aliquot
663 3897 940 3984 Epigrammaturu
955 3896 1040 3961 Phili
1085 3897 1096 3962 i
1117 3895 1397 3978 Melanchthuuis,
1419 3907 1453 3959 et
1466 3896 1598 3960 aliorum
1612 3897 1809 3980 quorundam
1832 3885 2026 3966 eruditurum
2039 3879 2240 3987 Opuscultmr
2254 3929 2335 3978 saue

385 3991 524 4072 elegans
539 3995 574 4048 et
588 4001 718 4049 novum.
759 3983 942 4068 linguanae
954 3997 1013 4066 per
1027 3917 1206 4048 diacouem
1220 3981 1398 4050 Seueriuar.
1440 3983 1505 4045 Aa.
1518 3982 1563 4046 Μ.
1573 3981 1795 4068 D.XXVlll.,
1817 3982 1937 4052 hienae
1950 3987 2127 4054 lanuariu.”
2159 3993 2197 4058 11
2213 3997 2258 4077 pl.
2279 4000 2311 4064 8.

300 4121 514 4188 Continentur
544 4119 576 4180 in
600 4119 665 4182 hoo
687 4117 795 4180 libello
822 4134 887 4179 noa
910 4115 1015 4178 solam
1030 4115 1269 4200 Melanthuais,
1302 4115 1484 4181 sedetiam
1518 4116 1653 4179 aliorum
1685 4117 1844 4198 carmina,
1879 4120 1939 4204 ita,
1976 4132 2013 4186 ut
2040 4121 2265 4197 Melanthonis
2292 4153 2333 4198 ne

303 4205 433 4288 quidem
452 4201 612 4276 dimidiam
625 4211 751 4284 partera
764 4199 861 4264 libelli
874 4201 1034 4282 impleant.
1079 4201 1219 4266 Videtur
1237 4204 1335 4285 igitar
1348 4199 1515 4282 Securius,
1533 4209 1570 4264 ut
1584 4202 1773 4281 opusculum
1790 4217 1974 4288 cresceret,
1995 4207 2130 4274 allorum
2146 4215 2243 4280 etiam
2258 4237 2334 4282 ear-

299 4293 403 4366 mina,
426 4308 447 4352 a
463 4285 712 4351 lloilleusteinio
729 4304 792 4349 uua
812 4285 931 4366 missa,
953 4301 1015 4348 suu
1029 4287 1158 4351 arbitrio
1177 4285 1358 4370 addidisse,
1380 4287 1551 4370 praecipue
1567 4286 1675 4349 lacuhi
1689 4285 1831 4370 Micylli,
1855 4291 1947 4355 aulus
1967 4291 2206 4380 hodoeporicon
2224 4303 2256 4365 ia
2270 4305 2335 4368 llas

300 4376 442 4442 additum
462 4383 518 4436 est
537 4375 707 4454 integram.
751 4367 858 4447 Quam
873 4367 1139 4436 lleidaasteinius
1160 4371 1202 4435 ad
1218 4372 1386 4436 Secerium
1407 4371 1593 4454 scripserit,
1615 4389 1653 4432 se
1674 4367 1730 4434 diat
1748 4373 1923 4438 retinuisse
1941 4375 2026 4460 apud
2045 4398 2083 4444 se
2104 4385 2334 4468 epigramma.

299 4459 541 4542 Melanthonis,
564 4456 643 4520 liber
658 4457 783 4520 Seuerii
802 4463 910 4517 autem
932 4473 1046 4518 meuse
1062 4455 1211 4520 hnaario
1228 4457 1321 4524 1528.
1339 4457 1507 4540 prodierit„
1528 4455 1735 4520 maiidestam
1755 4470 1824 4540 est,
1843 4461 1950 4526 carnia
1973 4464 2005 4526 iu
2021 4463 2147 4532 sacerd
2168 4467 2335 4558 farragine

300 4545 472 4630 complexa
492 4541 634 4606 carmina
651 4541 731 4606 hiel.
753 4549 829 4604 tatu
849 4557 968 4604 anuum
982 4539 1076 4606 1525.
1097 4545 1219 4626 scripta
1239 4559 1325 4610 essa.

299 4770 560 4786 *alunt-—

337 4931 370 4994 *J
387 4933 503 4984 Attene
520 4933 578 4982 huc
590 4928 656 4980 llcet
675 4928 762 4980 verba
780 4928 828 4980 lul.
847 4927 927 4982 caes.
945 4915 1079 4994 soaltge'rt
1098 4927 1176 4979 libs
1194 4927 1329 4994 poetices,
1345 4927 1389 4992 qul
1403 4929 1610 4992 Hyparerltloua
1628 4929 1804 4984 incumbitur:
1822 4934 1888 4998 „lte
1903 4935 2060 4988 hlolanthun
2074 4937 2179 5004 quiden
2196 4945 2336 4998 absumta

371 5005 429 5066 „ab
447 5014 482 5052 ea
498 4999 596 5064 lauda,
620 5007 692 5064 qaae
709 5011 742 5047 ex
758 4997 870 5058 pustlcla
889 4997 998 5048 artibus
1021 5002 1212 5062 comparatur,
1237 4999 1346 5051 tatastat
1369 4999 1490 5050 nonnulli
1508 4999 1568 5052 elna
1588 5003 1750 5067 populares,
1776 5003 1882 5054 laurada
1901 5005 2063 5070 quibusdan
2088 5015 2334 5080 praecaptum

371 5085 413 5135 „e
431 5070 591 5122 christiana
610 5065 714 5129 republ.
734 5070 832 5129 poetas
851 5067 999 5130 erlgeudus
1017 5067 1262 5130 exclamaveruut,
1296 5081 1409 5132 quornm
1429 5069 1654 5120 barbariaslnara
1672 5071 1821 5124 aurentlara
1840 5084 1893 5122 nou
1913 5076 2004 5126 verbis
2027 5081 2131 5144 (aequa
2152 5085 2225 5138 antra
2245 5088 2335 5138 aaut.
2415 5097 2416 5123 ι

374 5137 448 5204 „arlt
468 5139 548 5202 angis
568 5137 641 5186 eluet
660 5140 778 5201 qaeaat,
800 5135 850 5186 sed
868 5135 1013 5187 eontrerlia
1030 5136 1219 5188 elleuttoulbns
1237 5135 1413 5188 docdaslurua
1431 5139 1547 5200 quisque
1565 5139 1715 5190 demutavit.
1757 5141 1833 5193 lltlaa
1851 5141 1937 5205 lgltur
1955 5145 2090 5210 lugentum
2110 5161 2236 5218 ιιιιιιιι
2254 5164 2335 5221 atque

370 5209 433 5272 „ad
450 5208 541 5258 ornata
558 5208 745 5268 conparatum
764 5206 948 5269 intellige-aa
965 5218 1000 5256 ex
1023 5205 1060 5256 lla
1083 5208 1243 5271 parmatus,
1278 5208 1378 5270 quibua
1401 5207 1468 5258 aulis
1491 5207 1625 5270 lunaeque
1649 5209 1816 5262 delectluaea
1838 5211 1945 5266 ceclult.
1988 5215 2056 5266 Nara
2075 5221 2101 5269 et
2118 5225 2241 5284 tempora
2259 5227 2335 5277 mu

356 5273 529 5342 ›„descrlalt
547 5273 644 5324 moen
663 5275 790 5326 verulana
810 5274 971 5340 lacaleutle,
1001 5279 1029 5328 et
1046 5275 1140 5328 rudera
1160 5277 1250 5328 nitore
1276 5277 1424 5342 praesagia
1444 5279 1559 5340 statuit,
1589 5277 1667 5329 euius
1685 5279 1806 5345 vestlgta
1827 5281 1914 5331 aaeatt
1931 5287 1996 5334 aaut
2019 5299 2073 5337 ιιοιι
2096 5289 2206 5352 inutili
2230 5295 2335 5362 ingesto
2414 5305 2415 5324 ι

370 5344 536 5480 ζξξζίᾞξ,
549 5341 670 5464 {ffill‘r
693 5343 839 5410 ⁸¹⁶ss⁶¹¹¹¹⁸i
864 5343 1015 5412 A⁸=¹¹¹¹¹¹i
1039 5347 1189 5408 reanum,
1204 5346 1334 5410 vor-rai,
1356 5347 1540 5400 onerarias.
1577 5347 1653 5400 taen
1670 5347 1809 5412 rutrum
1831 5349 1860 5402 ta
1878 5351 2076 5416 uua-nau
2096 5359 2232 5415 tuma·
2255 5371 2336 5431 aaa·
