4896 5974
283 227 357 300 591
426 187 429 207 ’

193 607 196 616 ·
292 571 478 644 Nocturna
492 577 628 634 versate
644 583 775 643 manu,
799 569 934 627 versate
949 554 1096 642 diurna,
1187 603 1189 608 ,

344 667 519 752 Maionii,
540 666 707 744 iuvenes,
732 659 821 730 utile
830 654 857 754 ¹)
876 657 966 728 vatis
982 679 1073 748 opus

294 773 484 845 Humanae
501 766 683 858 speculum
702 762 794 832 ritae
815 761 911 854 quod
930 759 1080 843 dicitur,
1106 758 1148 828 in
1163 781 1233 854 quo

350 875 508 946 Allectus
524 867 649 960 populi
665 863 810 935 cernitis
824 857 1099 955 atqneiiueum,
1216 933 1221 942 „
1246 939 1249 944 ¹

300 977 479 1068 Quodque
503 971 611 1040 simul
635 977 829 1050 monstrat,
862 987 953 1056 quae
986 963 1059 1035 sint
1082 961 1288 1033 discrimina

417 1128 424 1141 ,
810 1089 964 1144 morum,

349 1177 451 1266 Quae
464 1173 520 1241 lex
537 1169 702 1242 distinxit
713 1183 788 1238 non
806 1167 973 1236 violanda
983 1160 1012 1261 ²)
1029 1163 1112 1251 Dei,

300 1278 402 1372 Quae
418 1279 566 1348 deceant
586 1270 769 1356 homines,
798 1263 952 1338 habeant
966 1291 1057 1362 quac
1076 1263 1207 1362 facta³)
1233 1289 1289 1335 se-

809 1371 945 1440 cundos

349 1476 528 1561 Eventus,
553 1475 646 1544 iusto
661 1468 690 1566 ⁴)
706 1485 829 1544 cuncta
849 1483 990 1560 regente
1007 1467 1096 1550 Deo,

300 1579 350 1656 Et
366 1604 455 1673 quae
471 1580 543 1652 sint
561 1599 697 1646 summa
715 1598 800 1644 cura
818 1575 1009 1665 studioque
1026 1569 1213 1653 cavenda*

353 1681 455 1772 Quae
473 1679 633 1772 sequitur
649 1676 736 1745 laesi
752 1676 904 1745 vindicis
921 1675 972 1742 iro
990 1673 1071 1746 Dei.

303 1781 356 1854 Ne
371 1783 515 1861 dubita,
540 1799 678 1868 semper
692 1778 821 1848 delicta
842 1777 974 1848 atrocia
994 1767 1162 1866 poenas⁵)

352 1881 398 1954 Et
414 1883 549 1953 subitas
566 1881 680 1950 clades
697 1891 776 1970 post
793 1879 886 1947 mala
902 1879 993 1946 lacta
1008 1867 1156 1969 sequi⁶).

299 1983 403 2056 Hanc
417 1987 620 2078 quicunque
637 1977 759 2070 legit⁷)
774 1979 972 2048 doctrinam
988 1973 1177 2048 transierat
1191 1984 1267 2044 arte

351 2090 407 2157 Ad
424 2109 517 2168 sese,
542 2097 583 2152 ut
600 2103 716 2151 mores
734 2075 820 2153 hinc
836 2093 933 2169 regat
949 2080 1023 2170 ipse
1042 2101 1136 2152 suos.

277 2249 280 2254 Δ
299 2187 429 2261 Civilis
447 2189 539 2254 vitae
554 2171 714 2251 normam
732 2175 932 2274 viditque⁸)
950 2183 1122 2273 docetque

353 2289 569 2384 Quanquam
587 2285 699 2354 oculis
718 2283 836 2356 senior
852 2281 1163 2375 captusHomecus
1177 2291 1266 2372 erat.

307 2505 682 2536 W

326 2651 396 2724 No.
412 2651 517 2772 2200!

304 2747 498 2788 Μ

1111 2667 1161 2714 an.
1178 2645 1274 2720 1545.

1089 2737 1297 2778 m

369 2847 451 2921 Apud
466 2843 596 2900 Vincent·
619 2862 647 2916 p.
668 2840 727 2898 tte.
744 2870 779 2884 -
814 2838 975 2895 Melanthea
996 2838 1049 2894 hoc
1069 2858 1144 2895 anno
1162 2842 1296 2895 enarravit

404 2916 527 2988 Lycurgi
543 2915 695 2970 orationem
709 2919 809 2970 contra
824 2910 997 2965 Leocratern.
1035 2909 1097 2963 Vid.
1111 2928 1173 2982 epp.
1193 2913 1253 2966 llol.
1262 2909 1294 2968 V.

405 3005 435 3056 p.
452 2984 512 3042 836.

306 3151 443 3222 Versus
468 3148 511 3216 iu
533 3149 705 3216 oratione
724 3143 882 3235 Lycurgi
900 3147 1033 3211 contro
1049 3140 1295 3212 Leocrutemr

345 3297 472 3377 Ὅταν
484 3289 561 3396 γὰρ
577 3287 670 3392 ὀργὴ
686 3285 880 3385 δαιμόνων
895 3285 1044 3386 βλάπτῃ
1058 3286 1143 3364 τινὰ

353 3393 478 3494 τούτῳ
495 3401 646 3492 nocitor
660 3393 912 3490 ἐξαφαιρεῖται
928 3397 1081 3488 φρενῶν

354 3497 423 3574 τὸν
438 3503 534 3572 νοῦν
548 3493 616 3568 τὸν
630 3487 791 3580 ἐσθλόν,
818 3495 868 3578 εἰς
884 3489 924 3566 δὲ
939 3490 1008 3586 τὴν
1018 3487 1133 3587 χείρω
1147 3491 1269 3591 τρέπει

357 3595 533 3704 γνώμην,
560 3595 606 3671 ἵν’
625 3593 704 3692 eilia
725 3589 848 3691 μηδὲν
864 3585 918 3669 ὦν
936 3589 1156 3693 ἁμαρτάνει.

734 3771 771 3838 id
793 3786 853 3836 est:

353 3911 469 3984 iratus
488 3907 530 3978 ad
549 3926 700 3997 poenam
714 3900 811 3974 Deus
826 3903 854 3972 si
873 3921 961 3996 quos
977 3897 1098 3985 trahit,

354 4015 507 4086 Auferre
523 4021 676 4082 mentem
693 4005 824 4076 talibus
839 4005 994 4096 primum
1011 4005 1112 4080 solet.

353 4113 621 4202 caliginemque
638 4107 812 4190 offundit,
836 4118 877 4176 ut
890 4117 999 4176 ruant
1013 4129 1095 4176 suas

299 4275 303 4280 .
351 4215 528 4287 Furenter
546 4211 585 4280 in
603 4209 738 4294 clades,
760 4207 831 4278 sihi
854 4230 941 4300 quas
958 4207 1058 4278 noxii

351 4314 627 4391 Accersiverunt
641 4310 737 4381 ultro
755 4309 912 4396 consiliis
927 4309 1040 4377 malis.

301 4485 525 4504 Ψ...

336 4575 370 4646 l)
387 4569 606 4636 iuvenea,utr’1e]
627 4567 744 4638 Autogr.
761 4583 835 4620 nune
872 4583 903 4619 or
915 4567 1022 4629 nubilar
1040 4576 1108 4636 pulo
1126 4568 1155 4622 in
1177 4567 1293 4642 Autogr.

372 4659 448 4695 narro
460 4657 511 4694 uos
528 4657 586 4692 erae
601 4653 729 4694 errorem
750 4635 856 4691 describ
875 4635 943 4706 ntia,
962 4645 988 4688 et
1007 4637 1075 4691 Mel.
1090 4637 1229 4710 rcr'qairre
1249 4645 1291 4696 ia.

371 4726 464 4763 venes.
1225 4747 1229 4752 .

337 4795 370 4859 ἲ)
389 4798 505 4866 Autogr.
524 4793 641 4848 vt'olciitt.
721 4823 722 4830 ι
870 4832 875 4870 ,ι

333 4879 365 4947 S)
385 4885 499 4950 elutogr,
511 4881 591 4948 sota.
874 4873 885 4932 4ἰ
1167 4951 1169 4955 ι

335 4964 366 5032 4)
384 4967 458 5017 terto
476 4965 573 5020 babent
587 4964 704 5033 Autogr.
725 4968 754 5015 et
767 4959 831 5015 nod.
843 4959 927 5022 Mon.
939 4961 988 5018 90.
1008 4991 1042 5008 ·-
1078 4964 1158 5022 Vino.
1178 4965 1259 5028 ἕως,

334 5051 364 5117 d)
385 5049 500 5118 Autogr.
515 5059 541 5106 cl
555 5049 618 5103 cod.
635 5048 715 5102 Mon.
730 5045 773 5100 9⁰.
784 5059 913 5113 poenae:

333 5137 365 5204 fi)
386 5135 502 5254 Ai'wffr'
520 5143 546 5187 et
563 5131 625 5189 cod.
640 5131 774 5190 Moneo.
795 5139 822 5185 et
833 5135 945 5186 rubim
962 5133 1058 5188 eladae
1072 5152 1144 5192 mox
1157 5141 1294 5198 emnitm

373 5220 406 5260 so
418 5220 453 5254 eu
466 5237 477 5260 .

333 5289 364 5357 7)
383 5290 499 5356 Autogr.
517 5285 600 5351 leget.

335 5375 365 5442 d)
384 5376 502 5446 Autogr.
522 5371 661 5438 videtque.

999 147 1334 286 oannmun
1381 205 1493 286 mn.
1525 205 1609 286 ιιι.

290 396 429 496 Eptpr.
455 397 497 466 iu
513 395 718 466 uomet-rau
741 383 792 462 od
813 387 1016 488 literarum
1036 389 1285 460 iuventutern.
1337 378 1405 453 No.
1432 381 1522 456 221.

2252 199 2325 278 592

2150 403 2200 443 an.
2223 378 2314 448 1545·

1342 477 1536 513 Μ’
2116 473 2315 510 ΝΜ

1414 561 1497 647 Apud
1512 574 1638 634 vincent.
1652 593 1681 646 p.
1698 574 1749 632 148
1757 573 1803 648 iq.

1342 723 1478 809 Versus
1511 715 1711 828 Euripidis
1740 738 1782 806 iu
1807 734 1968 830 Lycurgi
1998 711 2170 807 oratione
2198 742 2329 808 contro

1718 840 1951 908 Leocratem.

1341 987 1382 1060 Si
1396 985 1477 1081 quis
1492 977 1701 1055 beneficium
1719 998 1772 1056 cst
1787 987 1935 1056 daturus
1950 979 2098 1071 civibus,

1342 1090 1381 1160 ld
1398 1087 1532 1178 gratius
1549 1087 1587 1156 fit
1604 1087 1742 1172 liberali
1759 1100 1900 1178 pectore

1341 1189 1389 1262 Et
1406 1203 1531 1282 sponte
1548 1195 1628 1257 cum
1646 1190 1768 1259 datur:
1797 1191 1919 1258 datum
1934 1189 2120 1274 morosius,

1340 1293 1544 1385 Lenteque,
1569 1313 1644 1360 non
1671 1285 1817 1360 habebit
1842 1291 1953 1360 ullam
1980 1292 2140 1381 gratiam.

1340 1393 1437 1483 Ergo
1456 1393 1582 1464 volens
1596 1406 1738 1482 gnatam
1758 1388 1920 1462 exhibeto
1936 1394 2081 1486 patriae,

1343 1495 1393 1569 Ut
1409 1496 1470 1565 liat
1490 1490 1605 1564 hostia
1622 1517 1688 1584 pro
1707 1496 1818 1564 salute
1838 1493 1992 1585 publica.

1344 1597 1575 1689 Montemque
1600 1619 1724 1665 consae
1749 1611 1959 1688 permovent
1984 1619 2106 1686 graves
2133 1623 2257 1688 meam,

1344 1701 1439 1772 Urbs
1456 1711 1576 1768 nostra
1595 1697 1721 1768 multis
1731 1699 1910 1768 antecellit
1925 1701 2080 1784 cacteris,

1220 1867 1224 1872 .
1343 1801 1574 1894 Nequaquam
1591 1801 1685 1866 enim
1702 1799 1874 1870 confluxit
1890 1796 1958 1870 huc
1977 1827 2018 1871 ex
2034 1804 2188 1874 dissonis

1345 1901 1503 1974 Confusa
1518 1901 1712 1972 multitudo
1731 1903 1915 1994 gentibus,
1940 1926 2064 1993 gerens

1345 2005 1537 2098 Morsaque
1553 2018 1767 2096 naturasque
1778 2003 1972 2074 ,dissimiles
1988 2006 2075 2076 sibi:

1345 2107 1415 2179 Sed
1433 2118 1544 2176 mater
1558 2099 1643 2174 haec
1658 2119 1709 2175 cst
1723 2129 1794 2175 una
1811 2107 1916 2176 tellus
1933 2104 2065 2202 Attica,
2304 2197 2316 2204 -

1347 2207 1476 2300 Stirpis
1493 2220 1650 2277 vetustae
1665 2206 1816 2293 oivium,
1844 2233 1885 2278 ex
1902 2203 1970 2280 huc
1984 2235 2090 2304 quam
2110 2213 2187 2284 solo

1347 2310 1482 2382 Mundi
1496 2304 1755 2380 architectalrix
1776 2313 1908 2382 creavit
1923 2336 2024 2382 mens
2038 2311 2118 2394 Dei,

1346 2412 1498 2484 Virtutis
1513 2434 1609 2480 acres
1625 2411 1783 2481 inserens
1798 2414 1960 2484 stimulos
1977 2429 2082 2486 satae.

1346 2514 1415 2586 Sed
1435 2513 1627 2584 condidere
1640 2517 1748 2586 urbes
1764 2515 1884 2586 coloni
1899 2530 2063 2604 caeteras,

1346 2615 1481 2686 Passim
1498 2615 1647 2707 profecti
1660 2616 1794 2686 dissitis
1807 2617 2026 2708 regionibus,

1346 2717 1429 2790 Non
1443 2731 1675 2808 congruentes
1691 2714 1891 2806 mentibus,
1917 2720 2017 2792 lusor
2031 2725 2129 2798 velut

1347 2819 1387 2892 Si
1404 2819 1596 2890 discolores
1613 2820 1652 2888 in
1668 2820 1795 2891 fritillo
1817 2822 1961 2894 misceat

1347 2923 1467 2994 Telos.
1519 2919 1569 2991 At
1586 2919 1721 2993 Urbem
1739 2923 1900 3018 quisquis
1917 2937 2096 2998 cisternam
2113 2931 2245 3017 incolit,

1348 3023 1396 3096 Ut
1412 3025 1449 3092 in
1468 3023 1582 3113 tigillo
1598 3025 1716 3094 nodus
1731 3047 1833 3116 asper
1848 3027 2019 3112 eminens,
2268 3107 2273 3114 ⁸

1347 3124 1421 3197 Ceu
1437 3126 1575 3213 tignum
1591 3127 1634 3194 ad
1652 3127 1815 3195 ordinem
1832 3129 1982 3199 aedilicii
2000 3155 2075 3202 non
2093 3139 2267 3229 quadrans

1238 3285 1242 3292 .
1349 3227 1430 3298 Non
1447 3227 1642 3306 illerncnte
1659 3228 1747 3298 civis
1765 3242 1833 3313 est,
1856 3233 1915 3300 scd
1934 3234 2091 3308 nomine.

1347 3329 1473 3400 Nostra
1491 3351 1573 3416 ergo
1591 3353 1654 3420 pro
1670 3330 1802 3422 patria,
1827 3336 1992 3404 verendis
2008 3335 2157 3427 legibus,

1346 3429 1394 3502 Et
1412 3431 1602 3502 constituta
1618 3430 1778 3502 moribus
1792 3433 1897 3504 bonis
1914 3437 2014 3508 decet

1346 3532 1484 3603 Pericla
1500 3531 1619 3616 adire,
1647 3545 1682 3602 et
1698 3539 1835 3626 perpeti
1851 3559 2038 3609 aerumnas
2054 3563 2185 3632 graves,

1242 3725 1243 3730 ἵ
1346 3631 1569 3726 Causamque
1583 3657 1692 3728 quare
1708 3659 1932 3728 procreamus
1948 3641 2081 3712 liberos

1346 3735 1449 3805 Hanc
1468 3758 1540 3804 esse
1557 3737 1782 3828 praecipuam
1799 3744 1999 3832 putandum
2016 3759 2085 3831 est,
2101 3760 2140 3818 ut
2151 3737 2217 3818 Dei

1347 3835 1481 3908 Notitia
1499 3837 1611 3909 luceat
1626 3837 1757 3918 suturis
1771 3843 1909 3928 seculis,

1348 3939 1564 4031 Semperque
1582 3943 1743 4012 custodes
1758 3943 1851 4042 sient
1867 3948 2071 4039 superstites

1345 4039 1562 4112 Coelestium
1580 4041 1719 4134 legum,
1745 4058 1850 4138 atque
1863 4049 2079 4140 templomm
2096 4049 2173 4126 Dei.

1348 4139 1423 4231 Qui
1437 4139 1476 4210 in
1491 4141 1605 4233 patria
1620 4157 1788 4217 tucantur
1804 4143 1868 4220 has
1886 4174 1942 4221 res
1956 4154 2120 4244 optimas,
2146 4213 2148 4216 .

1348 4244 1395 4315 Et
1412 4243 1637 4334 disciplinam
1655 4247 1807 4335 civium,
1832 4265 1867 4322 et
1885 4277 2001 4324 mores
2016 4256 2130 4328 bonos

1347 4345 1430 4417 Non
1447 4345 1556 4436 impia
1572 4347 1709 4420 feritate
1727 4351 1840 4420 deleri
1858 4354 1987 4428 sinant.

1348 4447 1420 4518 Nec
1436 4447 1574 4537 lranget
1589 4449 1685 4520 ullus
1702 4445 1769 4522 hoc
1785 4468 1946 4526 nostrum
1961 4469 2083 4549 pectus
2100 4461 2218 4548 timor,

1348 4548 1492 4620 Violare
1507 4549 1602 4640 leges
1616 4564 1657 4622 ut
1672 4553 1778 4622 velim
1796 4558 2047 4646 sanctissimas,

1348 4649 1450 4740 Quae
1465 4651 1623 4742 singulos
1639 4657 1805 4744 prodesse
1822 4660 1958 4750 patriae
1970 4661 2107 4749 iubent,

1346 4751 1438 4823 Cum
1453 4767 1568 4824 morte
1583 4752 1677 4826 filiae
1692 4758 1799 4829 unius
1818 4763 1978 4851 periculo

1347 4852 1451 4924 Nunc
1469 4853 1615 4926 liberari
1628 4871 1702 4931 tota
1716 4862 1827 4952 possit
1840 4863 1978 4938 civitas.
2131 4943 2136 4950 ,

1346 4953 1438 5026 Nam
1454 4980 1510 5025 me
1523 4959 1626 5030 docet
1643 4965 1862 5048 numeratio,
1885 4979 1925 5036 ut
1937 4989 2073 5038 servem
2092 4971 2203 5062 magis

1347 5055 1430 5146 Quo
1448 5057 1528 5149 plus
1542 5059 1705 5134 videmus
1719 5087 1810 5149 esse,
1834 5091 1940 5160 quarn
1958 5071 2056 5162 quod
2075 5083 2127 5140 est
2144 5074 2269 5146 minus.

1346 5156 1465 5229 Unam
1482 5162 1629 5231 domum
1646 5160 1740 5250 labi,
1766 5168 1885 5239 minus
1899 5183 1992 5240 certe
2009 5185 2061 5242 est
2075 5175 2173 5262 mali,

1347 5257 1466 5347 Quam
1483 5260 1659 5334 civitatem
1676 5290 1779 5338 ruere
1789 5279 1903 5342 ,totam
1919 5271 2093 5347 funditus.

1346 5359 1394 5488 Si
1404 5385 1470 5456 pro
1486 5364 1605 5458 puella
1621 5389 1764 5459 germen
1779 5383 1866 5442 esset
1881 5373 2077 5447 marculum
