4906 5986
115 164 162 234 o1
298 153 755 250 aersronanun,
781 149 1258 236 tnmcroaonnr
1284 159 1681 248 scannoaun
1731 171 1838 250 ste.
1872 175 1972 256 xlv,
2102 179 2152 255 se

116 311 327 408 Cuiusdam
354 327 565 404 excellentis
589 338 620 400 ιι
642 325 741 402 docti
768 329 909 404 iuvenis
939 327 1107 430 epistola,
1169 332 1237 404 No.
1251 330 1364 412 7053.
1939 349 1943 360 ’
1998 387 2048 404 -
2073 393 2123 412 .-

1159 431 1387 466 ’Ν
1969 445 2142 478 W*
2179 493 2182 502 ,

258 445 263 456 ’
345 428 401 503 od
411 457 519 530 suum
533 429 708 503 Tutorem
722 432 873 528 scripto.

115 581 210 667 Nou
234 588 304 660 dici
327 598 459 678 potest,
493 580 697 656 charissime
718 585 856 672 ·Tutor,
882 610 989 680 quam
1014 581 1106 654 mihi
1305 622 1319 652 ι
1372 601 1376 612 ’
1580 541 1637 630 Ν·
1669 546 1725 634 Ν·

117 695 293 766 iucundae
311 688 446 758 fuerint
472 687 594 756 literae
617 700 713 756 tuae:
748 712 837 782 quae
859 712 933 758 non
966 701 1104 758 tantum
1257 694 1636 777 Mentiifamg.p.stssq.

116 797 224 867 officii
240 819 280 864 ac
295 790 406 862 studii
421 811 500 878 erga
514 811 571 856 mc
590 789 640 859 tui
658 789 882 879 plenissimae
896 805 1016 874 crant,
1044 815 1105 858 ve-

113 897 316 969 nemetiam
336 893 524 964 salutarem
539 892 583 960 ad
601 891 740 980 pictatis
758 893 913 961 studium
935 905 970 962 ct
992 887 1105 960 hone·
1399 849 1515 928 Pam·
1537 854 1770 939 ‘hafliiffmff
1786 867 1824 946 S·
1844 869 1893 946 D·

114 1016 248 1073 starum
266 1019 386 1066 rerum
410 987 691 1063 cohortationem
714 993 932 1068 adferebant.
983 992 1104 1082 Quare
1154 984 1377 1076 charissime
1386 1003 1502 1082 Pater.
1554 1008 1747 1108 Postquam
1765 1011 1835 1089 hnc
1851 1021 2060 1096 nunciatum
2081 1040 2144 1108 est,

113 1118 254 1176 tantum
274 1097 430 1190 prolecto
448 1089 538 1162 mibi
554 1095 723 1164 addidisti
741 1095 875 1178 calcar,
904 1107 944 1164 ιιῐ
960 1119 1002 1164 ex
1026 1095 1102 1163 ³¹¹5·
1154 1117 1308 1196 quatuor
1322 1119 1365 1176 et
1382 1107 1511 1199 viginti
1528 1103 1656 1185 horrea
1678 1115 1846 1191 incendio
1860 1124 2025 1216 periisse,
2052 1153 2145 1222 quo·

10 1219 15 1228 “
113 1233 174 1276 mo
187 1203 326 1298 cupiam
345 1221 458 1267 meam
482 1195 549 1268 tihi
565 1197 714 1286 probare
729 1196 968 1284 diligentiam:
996 1197 1103 1266 aces·
1131 1229 1235 1278 -rum
1258 1207 1427 1303 pleraque
1450 1207 1568 1284 adhuc
1590 1211 1762 1292 frumeuti
1783 1221 1888 1312 plena
1906 1227 2069 1314 suerunt:
2106 1241 2142 1302 et

112 1312 237 1390 ficere,
260 1317 300 1374 ιιι
317 1315 395 1372 tuae
409 1298 588 1368 voluntati
611 1323 685 1368 mea
708 1298 822 1366 cilicia
849 1298 1025 1367 cumulate
1046 1322 1102 1367 re·
1154 1306 1193 1376 in
1207 1303 1262 1378 his
1280 1323 1380 1380 tuum
1399 1306 1568 1384 horreum
1584 1341 1656 1389 una
1672 1323 1915 1413 conflagrasse,
1934 1331 2037 1400 valde
2054 1355 2142 1401 con.

113 1411 323 1504 spondeant.
381 1397 459 1472 Etsi
488 1399 633 1494 quidem
667 1398 894 1470 benemeritis
916 1400 1027 1488 gratia
1051 1411 1103 1468 esi
1153 1423 1329 1481 sternutus
1344 1433 1439 1484 sum:
1462 1431 1497 1488 et
1511 1415 1651 1513 incoepi
1667 1420 1724 1519 (ut
1736 1425 1775 1495 fit
1786 1424 1825 1496 in
1841 1428 1983 1528 dolore)
1996 1455 2141 1522 gemens

112 1511 316 1592 referenda,
338 1527 404 1574 nec
424 1516 486 1573 tuo
507 1501 639 1590 gratius
661 1501 777 1570 officio
803 1525 987 1596 nunquam
1011 1497 1102 1570 mibi
1153 1523 1188 1581 et
1210 1506 1455 1608 lachrymam,
1489 1519 1609 1590 animo
1636 1539 1794 1616 repetere
1812 1529 2025 1604 detrimenta
2050 1558 2168 1628 quoe.

112 1609 463 1704 acciditquicqnam:
491 1626 553 1692 ego
575 1625 736 1695 quoque,
762 1619 934 1694 quantum
957 1626 1100 1693 p⁰⁸³un¹
1152 1626 1255 1698 antea
1289 1617 1470 1708 accepisti,
1513 1633 1549 1692 et
1581 1623 1740 1714 publicas
1769 1629 1995 1706 difficultates
2031 1629 2141 1707 huius

111 1715 260 1810 propio
286 1711 325 1778 in
350 1705 567 1784 messenia,
602 1717 675 1775 ¹0¹0
706 1717 848 1794 peclOre
870 1703 1100 1792 libi.grali³⁵
1136 1717 1342 1808 temporis,
1374 1743 1415 1788 ac
1438 1735 1579 1794 nostrae
1601 1725 1753 1800 civitatis
1776 1730 1952 1824 inopiam:
1986 1761 2139 1832 quarum

110 1843 197 1910 ago,
223 1815 320 1909 quod
338 1822 434 1880 tanta
449 1831 505 1876 me
519 1805 765 1876 benevolentia
781 1806 1040 1896 complecteris,
1066 1819 1101 1878 et
1153 1839 1271 1887 rerum
1292 1818 1455 1909 omnium
1479 1823 1645 1913 cogitatio
1667 1825 1756 1899 mihi
1786 1835 2003 1908 moesticiam
2035 1841 2149 1910 valde

111 1920 237 2016 optimi
266 1912 420 2006 parentis
441 1908 554 1978 vicem
585 1920 658 1978 tam
679 1907 868 1995 diligenter
888 1921 924 1980 et
944 1908 1100 1978 studiose
1150 1917 1260 1994 auxit.
1311 1919 1464 1993 Moveor
1487 1939 1520 1996 et
1538 1929 1687 2018 privatis
1707 1946 1741 2003 et
1765 1935 1917 2024 publicis
1940 1939 2138 2011 incommo-

112 2024 197 2114 agis.
247 2013 361 2088 Po'rro
382 2013 487 2082 ctiam
514 2021 548 2080 te
565 2003 792 2080 vehementer
815 2032 920 2100 rogo,
949 2009 1095 2103 nequid
1151 2020 1224 2090 dis:
1250 2023 1310 2092 sed
1336 2025 1450 2095 multo
1471 2028 1583 2118 magis
1603 2033 1647 2102 de
1669 2045 1703 2104 pe
1725 2047 1761 2105 et
1781 2051 1987 2111 mmmm
2002 2043 2138 2114 sonid-

110 2120 387 2218 praetermittas,
409 2113 505 2210 quod
524 2111 568 2180 ad
590 2134 645 2178 me
670 2111 846 2202 pertinere
866 2109 1098 2183 existimabis:
1150 2135 1224 2210 tus,
1262 2147 1302 2196 ac
1332 2148 1458 2196 vereor
1484 2122 1577 2200 hanc
1603 2133 1820 2206 moesticiam
1844 2141 1945 2212 vobis
1969 2145 2152 2218 morbum„

110 2219 403 2320 commonefacias
418 2215 561 2298 sedulo,
582 2225 624 2283 ιιι
638 2213 790 2282 retineas
816 2213 854 2282 in
875 2213 992 2283 officio
1016 2237 1097 2284 eum
1150 2223 1305 2317 aliquem
1327 2226 1514 2300 allaturam
1539 2255 1624 2309 esse.
1681 2232 1762 2306 Etsi
1784 2253 1902 2311 autem
1926 2245 1998 2315 scio
2020 2260 2054 2317 te
2082 2229 2159 2316 vi(

109 2332 172 2426 qui
187 2342 267 2400 tuoe
282 2321 365 2394 fidei
380 2331 432 2390 est
447 2315 725 2388 commendatus.
777 2311 818 2382 ld
841 2336 904 2404 ego
921 2329 961 2387 ut
978 2309 1096 2387 hacte-
1149 2349 1231 2394 rum
1246 2330 1438 2418 praestanti
1453 2331 1583 2404 virtute
1599 2348 1633 2405 et
1648 2339 1778 2410 robore
1793 2327 1903 2412 animi
1923 2349 2136 2439 praeditum,
2175 2329 2182 2348 ⁸

109 2457 179 2506 rsus
195 2455 214 2500 a
230 2451 287 2498 me
301 2426 431 2496 lactum
449 2442 522 2489 esse
538 2439 680 2502 censeo,
697 2413 827 2486 summi
842 2415 1001 2486 beneficii
1017 2417 1096 2514 loco
1148 2450 1205 2496 res
1223 2431 1387 2500 adversas
1403 2433 1583 2506 moderate
1598 2437 1710 2508 ferre:
1728 2455 1847 2512 tomen
1861 2447 1905 2516 ad
1927 2461 1959 2518 te
1976 2449 2137 2520 scriben-

107 2537 253 2606 ducam:
279 2542 313 2600 ct
337 2524 407 2596 ιιιῐι
429 2517 726 2590 ῐῐιῡιὶῑῑῐιῙῦῧθῦὅ
745 2517 1018 2608 ⁰l¹le¹¹¹l³²f³b02
1052 2541 1097 2588 11⁸
1148 2530 1234 2598 dum
1256 2553 1331 2600 esse
1354 2533 1460 2619 duxi,
1495 2560 1565 2629 qno
1589 2551 1624 2608 tc
1646 2534 1825 2630 hortarer,
1850 2561 1891 2618 ut
1908 2549 1965 2618 vel
1989 2567 2136 2643 propter

109 2635 207 2729 quod
231 2627 360 2722 pupilli
381 2623 538 2718 officium
561 2619 762 2690 desiderare
785 2642 904 2710 queas·
955 2617 1003 2690 Ει
1025 2619 1097 2689 uli·
1148 2641 1296 2700 matrem
1314 2645 1415 2704 tuum
1433 2637 1593 2706 dolorem
1609 2635 1737 2712 lortius
1761 2649 1952 2738 reprimas,
1978 2667 2012 2722 et
2035 2655 2134 2722 illem

110 2761 193 2808 nam
218 2753 340 2814 ornnes
362 2725 412 2795 sic
437 2733 647 2805 statuerent,
671 2711 765 2788 nihil
789 2743 863 2790 csse
884 2719 995 2810 magis
1009 2743 1095 2790 con·
1147 2732 1259 2820 erigas
1276 2733 1348 2802 iuis
1366 2738 1668 2829 consolafionibus
1691 2770 1780 2838 quae
1803 2749 1909 2822 nobis
1931 2753 1970 2821 ᾗ,
1992 2756 2133 2827 coelesti

112 2837 259 2922 ueniens
275 2843 397 2908 noslro
412 2823 551 2909 ordini,
576 2845 616 2891 ³⁰
638 2815 838 2912 pulchrius
864 2845 971 2914 quam
993 2824 1113 2892 aures¹
1146 2833 1307 2906 doctrina
1322 2855 1589 2928 proponuntur,
1610 2867 1698 2937 quas
1713 2847 1846 2938 optime
1859 2853 1967 2926 nosti.
2018 2853 2135 2928 Casti.

109 2939 277 3033 praehere
295 2929 466 3020 benignas
482 2925 659 3017 sapienter
673 2922 956 2994 consulentibus:
985 2923 1022 2992 in
1038 2949 1094 2993 me
1146 2949 1204 3025 gat
1217 2957 1285 3006 nos
1298 2937 1412 3020 Deus,
1439 2964 1514 3010 non
1530 2957 1569 3014 ιιι
1588 2943 1750 3018 funditus
1766 2973 1833 3020 nos
1849 2955 2046 3045 opprimat:
2070 2961 2131 3026 sed

108 3054 202 3116 certe
228 3060 304 3106 eam
339 3028 548 3102 sententiam
576 3039 636 3096 tua
670 3025 875 3114 gravissime
909 3041 1092 3116 praccepta
1145 3049 1184 3107 ut
1203 3039 1246 3106 ad
1266 3037 1526 3112 invocationem
1549 3069 1615 3116 ΠΟ,
1634 3051 1819 3138 exuscitet,
1844 3079 1951 3148 quam
1974 3059 2003 3126 ,ᾗ
2029 3082 2130 3150 ΡΜ.
2200 3126 2203 3132 .

108 3168 183 3216 non
205 3136 430 3210 mediocriter
444 3126 893 3220 cottfirmanlss¹qu0¹¹isms
920 3142 1091 3220 quantum
1145 3138 1335 3224 stabimus,
1361 3139 1459 3214 Deus
1485 3139 1570 3215 haec
1589 3149 1718 3220 damna
1740 3154 1845 3224 nobis
1865 3158 2005 3229 sarcict:
2033 3175 2072 3230 ιιι
2097 3177 2133 3232 et

107 3233 524 3317 relcratatenerisrectc
542 3227 744 3307 ademisti,
769 3227 941 3318 intelligo·
982 3223 1092 3318 Perge
1147 3239 1233 3310 lobo
1259 3257 1303 3312 et
1336 3245 1459 3314 multis
1484 3247 1561 3316 aliis
1587 3251 1732 3322 amissas
1759 3255 1940 3329 facultates
1966 3264 2133 3338 restitnit.

106 3349 214 3418 modo
232 3342 281 3412 mi
294 3339 429 3420 Tutor,
453 3348 494 3404 ιιι
510 3333 541 3404 si
557 3355 625 3424 quo
641 3328 723 3424 (ceu
741 3328 854 3398 millia
869 3323 1007 3398 homini
1031 3353 1087 3401 ac·
1144 3337 1240 3412 llaec
1257 3357 1291 3415 ct
1306 3367 1407 3436 saepe
1429 3348 1597 3438 cogitato,
1622 3359 1657 3421 cl
1673 3356 1777 3426 matri
1795 3359 1962 3448 recitato,
1982 3335 2130 3459 eamque

105 3441 247 3537 cidunt)
264 3437 525 3534 displicebunt,
549 3426 800 3522 reprehendas.
851 3429 935 3501 Non
960 3443 1090 3500 temere
1142 3444 1389 3532 acogitatione
1404 3445 1510 3524 haim
1526 3453 1664 3522 adversi
1684 3479 1784 3528 casus
1800 3473 1859 3530 wa
1876 3463 2047 3536 mavum
2065 3468 2131 3536 ab,

103 3553 238 3624 dictum
255 3557 341 3614 esta
358 3539 532 3631 sapiente:
558 3533 748 3604 Meliorem
771 3555 845 3602 esse
868 3531 1098 3628 :nanifestam
1141 3545 1274 3620 ducito.
1322 3545 1401 3638 Ego
1418 3553 1560 3645 quo'que
1577 3551 1692 3624 Deum
1711 3561 1839 3646 orabo,
1864 3577 1906 3634 ut
1930 3565 2041 3640 leniat
2065 3593 2129 3636 vo·

104 3643 416 3744 reprehensionem
437 3636 572 3709 occulta
589 3635 795 3706 dilectione:
821 3643 855 3724 et
869 3633 986 3704 fidelia
1008 3635 1090 3704 vul·
1141 3646 1197 3716 bis
1213 3648 1436 3723 difficultates
1449 3677 1572 3723 omnes
1590 3670 1735 3748 propter
1752 3661 1865 3732 filium
1880 3689 2000 3736 suum:
2022 3693 2128 3760 quem

103 3777 187 3826 nera
201 3744 393 3837 diligentis,
411 3763 517 3835 quarn
534 3738 652 3808 oscula
669 3735 806 3804 inimici
820 3734 1087 3806 contumeliosa.
1139 3751 1185 3816 ad
1198 3771 1267 3818 nos
1285 3751 1398 3838 misit,
1423 3767 1463 3826 ut
1476 3753 1600 3830 foedus
1616 3743 1696 3826 cum
1712 3754 1867 3834 humana
1888 3775 2012 3838 „Mum
2036 3771 2129 3839 face,

104 3857 207 3948 Quae
229 3839 605 3937 senlenllaelomsslffl
629 3837 759 3908 ‘mimi‘
780 3835 908 3906 lssfiffl
929 3859 1001 3906 ²⁵⁸⁸
1024 3839 1087 3907 de·
1139 3863 1211 3934 ret,
1235 3863 1277 3920 ιιι
1293 3847 1359 3922 hac
1373 3868 1514 3925 aeterua
1530 3859 1755 3950 copulatione
1776 3876 1965 3940 testaretur
1985 3893 2022 3942 se
2047 3887 2129 3942 vera

101 3963 204 4034 bent:
230 3945 546 4035 utintelligemus,
570 3940 721 4011 multum
746 3961 812 4008 nos
828 3937 957 4008 debere
981 3937 1085 4024 iis‚a
1137 3965 1224 4022 ¹cura
1239 3953 1340 4024 adfici
1357 3958 1495 4045 generis
1511 3952 1672 4035 humani.
1723 3961 1924 4046 Benevole.

101 4060 233 4157 quibus
249 4075 323 4124 non
337 4050 448 4133 vitae,
473 4046 533 4116 sed
550 4056 642 4112 recte
662 4039 806 4113 vivendi
830 4039 1004 4131 principia
1027 4063 1086 4110 ac-

101 4161 269 4254 cepimus,
317 4149 476 4222 Maxima
501 4145 659 4217 dicamus
679 4141 847 4212 beneficia
868 4163 927 4226 ea,
954 4139 1085 4236 quibus
1143 4171 2125 4216 -----·--—-——----.......

99 4267 143 4337 ‘ad
176 4281 296 4332 veram
324 4254 490 4346 pietatem
520 4245 718 4316 erudimur:
753 4267 813 4326 ea,
832 4241 928 4335 qnia
962 4243 1085 4314 abste

100 4361 189 4438 mihi
204 4357 329 4431 sedulo
344 4366 428 4424 ssent
443 4347 629 4444 praestita,
654 4343 756 4414 facile
772 4365 943 4433 agnosco,
970 4368 1091 4438 quan-·
1152 4318 1220 4392 ΝΟ·
1236 4317 1348 4396 7⁰54·
1978 4381 2028 4394 —
2054 4383 2105 4398 -·

98 4471 143 4542 tis
167 4463 234 4537 tibi
256 4459 322 4530 sim
343 4455 529 4526 devinctus
553 4446 777 4538 nominibus:
804 4461 838 4514 ct
861 4469 966 4537 qnam
994 4442 1084 4516 mihi
1358 4521 1361 4528 ,
1947 4437 2117 4516 *Ὗ

99 4563 319 4644 sitdifficile,
346 4547 763 4630 tecnmccrtareosficiisi
815 4543 853 4616 ld
876 4545 961 4614 vcro
983 4569 1081 4636 egam
1561 4529 1618 4618 N·
1648 4531 1703 4622 Ν.

98 4673 192 4768 quod
213 4665 284 4736 mei
306 4657 464 4732 muneris
481 4675 555 4724 csse
573 4673 721 4730 censeo,
746 4673 787 4718 ac
807 4648 974 4718 omnibns
997 4672 1084 4718 con·
1125 4676 1126 4684 ¹
1237 4679 1336 4742 Manlii
1351 4687 1566 4760 cumpost.
1677 4719 1680 4735 .

98 4775 193 4844 nitar
205 4767 361 4846 viribus,
386 4773 427 4833 ιιι
443 4755 497 4829 tui
512 4753 643 4825 amoris
661 4749 944 4846 qualemcunque
967 4751 1083 4842 perci·

96 4875 173 4968 pias
191 4874 369 4956 fructum:
386 4875 421 4934 et
442 4859 478 4928 in
495 4855 671 4949 pupillum
688 4851 925 4940 gratissimum
941 4864 1081 4923 tantum
1384 4835 1623 4948 charissimo
1640 4853 1748 4954 patri
1770 4855 1806 4932 S.
1823 4853 1870 4932 D.

96 4993 132 5050 te
149 4971 338 5046 contulisse
357 4961 555 5036 olliciomm
579 4953 768 5044 intelligis,
793 4965 833 5023 ut
853 4947 1082 5026 vehementer

93 5079 257 5173 gaudeas·
306 5067 396 5140 Vale
413 5057 464 5136 mi
480 5059 619 5140 Tutor,
644 5071 676 5130 ct
694 5079 752 5126 me
766 5077 862 5127 ames
884 5077 978 5126 cura.
1134 4981 1358 5082 cl¹i¹l⁸⁵lm⁰
1384 5011 1501 5090 lmen
1552 4997 1645 5074 cum
1663 5002 1770 5072 “iiim
1799 5018 1833 5076 ¹0
1851 5011 2129 5110 periculapne-

1131 5097 1243 5173 sentia
1265 5110 1347 5166 ante
1372 5099 1512 5193 aliquot
1534 5124 1649 5172 annos
1674 5109 1928 5198 praesensisse:
1961 5139 2073 5210 spero·
2093 5135 2128 5192 tc

1132 5203 1237 5276 etiam
1254 5221 1477 5293 praeparasse
1495 5203 1654 5274 animum
1672 5207 1718 5278 sd
1741 5231 1781 5279 ca
1807 5213 1986 5307 sapienter
2009 5219 2130 5292 seren·

1131 5309 1196 5395 da,
1211 5326 1302 5400 quac
1315 5299 1384 5372 iam
1402 5302 1581 5378 accidunt.
1639 5303 1764 5406 Teque
1781 5337 1866 5402 oro,
1888 5329 1926 5388 ιιι
1944 5329 1978 5388 tc
1998 5319 2045 5390 ab
2060 5323 2130 5395 ‹to-
