4896 5974
253 173 258 196 '
301 224 378 304 57⁶
517 175 519 183 ’
1021 201 1507 310 cannosum-ma.
1540 231 1622 314 ut.
2180 241 2181 248 ¹
2265 233 2342 313 ero

293 401 374 474 Hoc
388 395 543 471 Doctore
559 388 691 464 iterem
704 385 891 458 bremensi
909 387 1076 463 inclaruit
1088 393 1178 465 urst
1339 399 1408 474 No,
1429 404 1515 488 137·
1975 437 2080 479 mm
2103 413 2188 480 Meis
2216 411 2317 485 ¹54¹·

348 503 464 577 Unius
479 494 614 570 Christi
630 514 777 564 munere
796 506 893 584 perta
909 494 1015 568 salus.
1157 491 1161 498 ’
1355 501 1527 532 *m
1939 519 1964 540 ,,

295 606 347 680 At
362 603 446 702 quia
461 601 604 674 divinos
620 595 743 712 statuis
758 591 788 684 ⁴)
798 595 954 712 detraxit
970 591 1138 684 bonores,
1409 622 1541 678 Metram.
1557 621 1666 708 coegit.
1682 623 1726 680 tu.
1745 625 1771 680 t.
1786 625 1893 749 pm,
1933 629 2001 689 ltere
2020 629 2130 708 scripta
2149 630 2227 706 pest.
2250 633 2287 690 Τ.
2299 631 2344 693 tu.

348 705 510 780 Exitium
525 691 697 772 Monachr
711 697 871 788 qualibet
883 711 958 767 arte
974 712 1130 773 struunt.
1443 693 1546 767 ³²⁶⁶·
1556 702 1583 750 ⁸²
1599 693 1726 752 vincent.
1743 713 1774 768 t·
1804 695 1832 752 ⁵·

297 809 600 1002 *hillidii
609 799 1294 992 illilllflll'lill‘tlllm
1340 852 1538 926 *imm
1555 849 1724 950 statua
1738 853 1786 929 ἄρ
1804 853 1956 954 larem
1969 864 2012 936 a
2031 867 2197 938 comata
2211 867 2343 939 sata·

300 1014 381 1088 lleu
394 1035 458 1082 cur
473 1022 545 1080 tem
560 1005 678 1076 subito
695 1003 819 1074 orbata
838 1017 890 1072 est
903 998 1060 1075 Ecclesia
1076 1005 1140 1078 tali
1637 955 1871 1038 immam·
1896 961 2042 1060 (iffi)

350 1113 527 1193 Lumine,
553 1131 625 1201 quo
642 1098 788 1198 posthac
804 1104 929 1174 debuit
944 1106 1006 1176 illa
1019 1108 1103 1180 frui.
1345 1097 1408 1172 Me
1423 1102 1555 1178 iussere
1572 1101 1689 1176 Duces
1703 1107 1866 1182 fallacem
1882 1111 2028 1204 pingere
2049 1108 2073 1184 h
2098 1113 2224 1186 aenam

300 1215 339 1290 0
354 1215 481 1287 dilecte
497 1207 587 1282 mihi
603 1221 684 1278 ante
697 1206 787 1276 alios
802 1206 980 1292 Henrice,
1006 1209 1139 1280 laboris
1395 1199 1444 1276 Et
1460 1207 1612 1287 monstri
1626 1209 1779 1300 speeiem
1793 1235 2011 1304 proposuere
2026 1139 2128 1288 milei.

351 1317 455 1388 Nunc
472 1327 608 1406 partem
626 1307 739 1378 nostri
754 1321 788 1376 tc
805 1309 955 1378 tolerare
972 1313 1091 1387 velim.
1346 1304 1455 1380 Tetra
1468 1323 1543 1381 erat
1557 1333 1599 1380 ex
1615 1311 1724 1381 variis
1740 1311 1852 1384 moles
1865 1318 2011 1388 confusa
2025 1319 2162 1409 figuris,

301 1419 408 1492 Talia
425 1436 642 1510 praeconum
657 1411 819 1504 quamvis
834 1412 1002 1484 suutsata
1019 1415 1175 1506 piorum,
1283 1469 1292 1476 .
1398 1407 1578 1504 Tectaque
1592 1412 1719 1483 liventi
1733 1417 2004 1505 sanguinolenta
2021 1436 2112 1496 cute.
2158 1499 2160 1502 ,

353 1519 519 1592 Membra
534 1516 652 1586 iacent
666 1511 780 1582 saevis
794 1527 829 1582 et
844 1513 994 1585 lacerata
1011 1518 1143 1587 modis:
1347 1508 1512 1600 Virginei
1529 1513 1667 1601 vultus,
1692 1519 1754 1584 aed
1771 1526 1873 1590 torva
1891 1521 2057 1593 micantia
2074 1523 2228 1596 llammis

301 1623 385 1696 Non
398 1621 537 1714 periere
551 1632 688 1699 tamen,
712 1616 775 1684 sed
795 1609 930 1686 habent
943 1619 1149 1689 commertia
1164 1619 1249 1690 laeti
1395 1611 1553 1686 Lumina
1570 1617 1737 1686 saevitiae
1752 1620 1869 1691 tristia
1884 1622 1986 1713 signa
2002 1626 2147 1697 dabant.

354 1722 447 1796 Cum
463 1718 628 1802 Christo,
659 1715 749 1784 vivis
764 1717 1038 1812 agminibusque
1057 1732 1210 1812 patrum.
1349 1712 1383 1786 A
1400 1717 1494 1786 collo
1511 1717 1644 1806 gemini
1661 1721 1863 1809 pendebant
1880 1728 2037 1798 membra
2053 1730 2230 1815 draconis,

303 1826 442 1908 Huius,
471 1846 553 1894 cum
567 1817 674 1890 stanti
690 1818 758 1887 tibi
770 1819 870 1889 frons
885 1833 1049 1910 tangetur
1064 1824 1109 1894 ad
1123 1841 1235 1907 aram,
1399 1814 1543 1890 Scillaci
1559 1821 1701 1890 tandem
1717 1839 1889 1913 parserat
1905 1827 1975 1897 ima
1993 1832 2109 1921 pedes.

354 1925 500 1998 Teberi
517 1923 654 1998 socium
670 1916 1032 2012 noverieipscchori.
1192 1955 1197 1966 ·
1295 1952 1299 1960 ¹
1348 1915 1550 1991 Horrebam
1564 1921 1757 2014 aspiciens,
1781 1937 1816 1996 et
1831 1939 1904 2000 toto
1920 1948 2068 2023 corpore
2085 1931 2241 2024 sangnis,

304 2019 587 2120 Pontificemqt'te
633 2022 722 2092 scias
774 2022 841 2092 tibi
881 2017 1067 2100 Christum
1114 2026 1301 2120 imponere
1402 2019 1455 2102 Aa
1471 2046 1561 2114 pene
1578 2023 1735 2094 extincto
1748 2031 1921 2118 sanguine
1937 2032 2009 2102 vita
2026 2033 2130 2125 fugit.

295 2111 308 2129 ““
820 2124 981 2195 dextram
997 2121 1050 2221 ⁸),
1352 2119 1401 2196 Ut
1414 2125 1556 2216 pingam
1573 2137 1692 2195 tamen
1708 2127 1763 2196 illi
1778 2145 1924 2220 urgent,
1950 2125 2025 2204 rien
2040 2138 2234 2231 obsequor,
2260 2135 2317 2205 aio

249 2311 252 2316 ,
355 2228 523 2302 Poscenti
537 2223 630 2296 vires
647 2237 683 2296 et
696 2223 782 2300 dare
796 2225 888 2294 velle
902 2251 1024 2304 novas.
1402 2223 1533 2312 lratus,
1558 2225 1658 2318 pingi
1673 2251 1749 2298 non
1765 2232 1854 2303 bene
1869 2257 1971 2327 posse
1982 2239 2100 2328 pedes.

304 2327 405 2406 Proh
418 2341 552 2424 quanto
567 2351 587 2397 a
601 2326 698 2398 falsis
716 2338 850 2421 mystae
866 2327 1072 2402 discrimine
1084 2333 1160 2404 veri
1352 2325 1435 2416 Quo
1453 2328 1557 2398 ruitis
1579 2332 1764 2420 proceres?
1816 2331 1889 2424 Qui
1906 2352 2042 2410 mentes
2056 2353 2206 2431 occupat
2220 2338 2341 2412 error?

357 2432 519 2512 bittunt,
544 2424 614 2500 hoc
629 2428 735 2500 etiam
750 2451 817 2498 uos
832 2429 1035 2503 meminisse
1052 2437 1162 2506 decet.
1198 2455 1200 2464 ‘
1402 2427 1477 2502 Cur
1492 2429 1625 2522 templo
1641 2431 1779 2504 infertis
1794 2437 1879 2508 talia
1893 2453 2053 2512 monstra
2068 2438 2161 2512 Dei?
2253 2475 2259 2491 ·

304 2535 419 2610 Nemo
438 2546 550 2626 potest
564 2553 724 2625 unquam
741 2533 876 2602 censeri
890 2533 968 2603 iure
983 2537 1157 2623 sacerdos,
1350 2527 1523 2604 Excutior
1534 2554 1660 2602 somno
1668 2585 1681 2619 ‚
1707 2536 1845 2624 gelidos
1860 2563 1941 2611 cnm
1958 2556 2099 2636 pectore
2112 2559 2242 2616 manat.

356 2635 491 2710 Contra
506 2630 741 2723 Evangelium
758 2634 820 2726 qui
836 2634 908 2706 sera
924 2635 1018 2708 bella
1032 2639 1133 2728 gerit.
1187 2713 1195 2723 ,
1403 2631 1541 2719 Sudor,
1565 2647 1601 2703 et
1615 2659 1634 2704 e
1651 2637 1769 2707 subito
1785 2645 1945 2713 membra
1960 2669 2090 2736 pavore
2105 2659 2259 2738 stupent.

307 2739 453 2834 Quique
467 2738 590 2807 lucens
604 2736 711 2806 audet
724 2757 818 2804 nova
831 2737 963 2827 lingere
978 2737 1146 2826 Numina,
1167 2737 1303 2835 quique
1351 2731 1528 2810 Nonnihil
1543 2729 1609 2805 hac
1626 2761 1774 2808 moneor
1796 2743 1955 2815 fortassis
1973 2747 2143 2838 imagine:
2170 2751 2232 2819 sed
2245 2763 2290 2836 te,

366 2839 475 2914 Sacra
487 2838 573 2910 iacit
587 2837 687 2908 nulla
702 2837 831 2908 tradita
845 2863 932 2908 voce
948 2837 1028 2913 Dei.
1403 2834 1565 2923 Christe,
1599 2861 1705 2932 rogo,
1738 2855 1780 2913 ut
1804 2842 2028 2948 praesens')
2054 2865 2197 2943 pectora
2221 2865 2340 2922 nostra

309 2940 417 3015 Tales
433 2939 583 3013 sacrifici
598 2939 825 3012 celebrabant
840 2935 953 3031 Orgia
967 2937 1120 3028 Baccho,
1871 2971 1981 3040 regas.

360 3041 496 3117 Errans
510 3065 591 3114 cum
608 3035 741 3135 thyrsis
758 3042 857 3112 ebria
871 3046 976 3115 turba
994 3043 1079 3120 suis.
1468 3047 1470 3052 ’

308 3141 357 3218 Et
374 3144 465 3218 Salii
480 3143 608 3217 Martis
622 3143 709 3214 tales
722 3142 843 3232 ignota
859 3139 1040 3218 sonabunt
1353 3151 2340 3190 ww*

360 3243 528 3318 Carmina
545 3265 626 3314 cum
640 3259 801 3333 gererent
816 3258 913 3316 scuta
930 3260 1065 3319 vetusta
1080 3270 1201 3317 mano.
1354 3275 1421 3348 No·
1441 3277 1526 3350 ¹30·
2148 3319 2187 3359 m
2226 3295 2303 3363 1541

309 3339 498 3421 Sacrificos
511 3345 646 3416 similes
661 3358 755 3416 creat
772 3359 918 3424 etrum
931 3345 1048 3420 Roma
1066 3344 1263 3442 prophana,
1359 3373 1533 3404 *ww
1697 3429 1700 3434 ,
2127 3344 2336 3427 §nv-⁶.

326 3546 328 3548 -
362 3447 439 3542 Q'ui
453 3461 598 3541 propter
611 3461 771 3539 ventrem
790 3449 938 3520 numina
955 3451 1043 3522 falsa
1058 3451 1192 3526 colunt.
1356 3519 1359 3526 .
1422 3492 1504 3566 ,μή
1520 3491 1647 3550 vincent.
1667 3515 1695 3571 P·
1714 3497 1773 3554 ,gg
1939 3453 1943 3462 “

311 3549 391 3624 Hos
404 3553 504 3642 iuge,
530 3565 598 3624 eta
615 3549 708 3618 veris
723 3547 859 3620 Christi
874 3552 1036 3625 discerne
1052 3553 1239 3640 ministris,
1901 3555 1905 3562 “
2144 3607 2147 3616 ,

363 3649 459 3724 Pure
472 3649 660 3742 Evangelii
679 3651 741 3744 qui
755 3651 811 3744 pia
827 3652 920 3724 iussa
934 3655 1074 3730 docent.
1193 3701 1198 3716 ·
1232 3708 1237 3722 .
1557 3659 1604 3728 ln
1618 3653 1808 3752 hyaenam
1821 3657 2143 3740 mastonem.

310 3751 477 3850 Denique
494 3767 575 3824 vota
590 3753 642 3846 pii
659 3751 807 3838 farciant,
831 3777 1082 3849 summumque
1096 3769 1279 3850 parentem

364 3856 528 3928 Assiduis
543 3855 722 3950 precibus,
748 3857 845 3948 quod
859 3856 958 3929 iubet
973 3859 1067 3950 ipse,
1090 3873 1227 3950 rogent,

311 3955 362 4032 Ut
377 3959 550 4053 populum
567 3977 751 4050 perquem
769 3983 852 4028 vero
868 3959 1066 4032 celebretur
1079 3955 1229 4048 honore,

307 4131 313 4148 ,
366 4061 525 4152 Augeat,
544 4073 580 4130 et
592 4081 731 4148 semper
749 4073 927 4150 protegat,
952 4076 1057 4156 atque
1074 4078 1180 4153 regat.

262 4175 265 4184 ⁴
314 4163 547 4256 Foelicesque
564 4164 670 4230 duces
687 4163 813 4242 addat,
839 4164 1244 4256 doctosqueministros,

253 4253 257 4270 ¹
365 4262 481 4353 Larga
497 4260 683 4350 Evangelii
699 4263 824 4332 messis
836 4277 877 4334 ut
892 4285 966 4336 esse
981 4281 1098 4359 queat.
1168 4347 1173 4352 ,
1279 4302 1285 4312 ’
1357 4267 1425 4342 Νο.
1446 4268 1533 4342 189.
2198 4287 2336 4358 mett.

314 4363 446 4440 Areeat
458 4377 494 4434 et
507 4358 642 4434 Christi
659 4377 874 4450 grassantem
892 4368 1012 4438 dextra
1028 4366 1244 4456 Draconem,
1363 4366 1535 4396 *Ν
1922 4429 1925 4436 ,
2208 4380 2336 4410 ”⁹⁹

365 4467 420 4540 Ne
434 4467 531 4538 seros
545 4462 742 4534 humanum
760 4467 906 4539 devoret
919 4493 1026 4538 omne
1040 4493 1163 4560 genus.
1426 4481 1508 4554 apua
1521 4480 1651 4563 Vineam.
1663 4497 1689 4554 p.
1704 4476 1785 4566 disp.
1805 4493 1833 4540 et
1851 4484 1879 4539 te
1893 4485 2008 4559 scripu·
2029 4489 2105 4563 pest
2117 4491 2152 4550 Τ.
2164 4493 2213 4554 ttt.
2230 4495 2338 4569 ptest.

313 4569 440 4644 Servat
455 4591 544 4661 opus
559 4565 664 4637 Pater
677 4581 838 4640 aeternus
857 4573 953 4664 qnod
968 4573 1151 4661 condidit,
1168 4588 1276 4669 atque
1437 4639 1439 4646 ,
1463 4550 1623 4608 vincentne
1642 4571 1760 4622 ΜΨ
1773 4555 1932 4628 adempsit:
1960 4559 2164 4638 ”mm
2173 4583 2225 4624 ⁸⁶·
2239 4565 2325 4622 Μ’

365 4671 537 4744 Notitiam
551 4669 709 4761 extingui
719 4693 799 4742 nou
815 4672 910 4745 sinat
924 4673 998 4766 ipse
1013 4678 1079 4748 sui.
1181 4673 1184 4686 '
1219 4695 1222 4704 ’

1353 3803 1556 3880 Emendare
1569 3805 1733 3902 strophas
1747 3805 1876 3897 huius,
1892 3813 2104 3911 fraudesque
2119 3817 2245 3908 libelli,
2262 3789 2266 3800 Δ

1378 3933 1384 3942 ·
1405 3909 1488 3980 Non
1503 3911 1637 3984 multae
1652 3928 1819 4006 possunt,
1846 3939 1918 3986 una
1933 3917 2042 3998 litura
2060 3918 2186 4013 polest.

1420 4717 1468 4784 la
1487 4711 1781 4822 Wiutouieasem
1801 4711 2045 4812 defensorem
2069 4721 2282 4800 coelibatus.

1155 4937 1159 4946 Ι
1359 4857 1435 4949 Qui
1449 4859 1643 4932 castitatem
1659 4863 1797 4954 magnis
1812 4865 1982 4938 laudibus
1996 4863 2109 4952 vebis,

348 4945 379 5013 ⁴)
400 4943 480 5004 Vm&
494 4960 605 5020 scetus,
625 4971 657 5006 es
671 4949 783 5005 menae.
806 5037 811 5048 ,
1358 4950 1564 5057 Contraque
1580 4979 1739 5036 sanctum
1753 4968 1912 5058 disputas
1929 4971 2167 5061 connubium,
2207 5023 2209 5026 -

347 5047 376 5108 ὁ)
400 5047 481 5104 vtae
493 5055 617 5115 cextra.
635 5073 665 5109 ιι
677 5051 788 5107 mento.
1359 5061 1419 5134 'l'u
1437 5065 1599 5160 quisquis
1613 5065 1674 5136 ille
1687 5069 1865 5140 coelibum
1879 5071 2076 5146 admirator
2089 5098 2140 5159 es,

790 5167 792 5172 ’
1359 5160 1498 5238 Omitte
1515 5167 1587 5238 iam
1602 5180 1662 5240 tua
1676 5170 1827 5261 cogitata
1841 5172 1970 5246 callide

1394 5410 1424 5479 *r
1440 5421 1597 5485 erasum]
1619 5414 1685 5476 Pe·-
1696 5424 1726 5473 s·
1735 5416 1842 5491 Μὶν·
1855 5419 1998 5485 Μαι

1966 509 2343 554 Μ
2428 521 2431 528 ·
