<?xml version="1.0" encoding="UTF-8"?>
<!DOCTYPE html PUBLIC "-//W3C//DTD XHTML 1.0 Transitional//EN"
    "http://www.w3.org/TR/xhtml1/DTD/xhtml1-transitional.dtd">
<html xmlns="http://www.w3.org/1999/xhtml" xml:lang="en" lang="en">
 <head>
  <title>
</title>
<meta http-equiv="Content-Type" content="text/html;charset=utf-8" />
  <meta name='ocr-system' content='tesseract 3.04.00' />
  <meta name='ocr-capabilities' content='ocr_page ocr_carea ocr_par ocr_line ocrx_word'/>
</head>
<body>
  <div class='ocr_page' id='page_1' title='image "./philippimelanth07bindgoog_0125.png"; bbox 0 0 4866 5990; ppageno 0'>
   <div class='ocr_carea' id='block_1_1' title="bbox 120 211 2150 350">
    <p class='ocr_par' dir='ltr' id='par_1_1' title="bbox 120 211 2150 350">
     <span class='ocr_line' id='line_1_1' title="bbox 120 211 2150 350; baseline 0.023 -47"><span class='ocrx_word' id='word_1_1' title='bbox 120 229 189 304; x_wconf 80' lang='lat' dir='ltr'><strong>aas</strong></span> <span class='ocrx_word' id='word_1_2' title='bbox 342 211 749 316; x_wconf 77' lang='lat' dir='ltr'><strong>‘sennua</strong></span> <span class='ocrx_word' id='word_1_3' title='bbox 782 239 861 317; x_wconf 83' lang='lat' dir='ltr'><strong>au</strong></span> <span class='ocrx_word' id='word_1_4' title='bbox 894 231 1193 317; x_wconf 80' lang='lat' dir='ltr'><strong>vlrsusr</strong></span> <span class='ocrx_word' id='word_1_5' title='bbox 1226 237 1833 337; x_wconf 67' lang='lat' dir='ltr'><strong>emmanuelque·</strong></span> <span class='ocrx_word' id='word_1_6' title='bbox 2072 269 2150 350; x_wconf 79' lang='lat' dir='ltr'><strong>aaa</strong></span> 
     </span>
    </p>
   </div>
   <div class='ocr_carea' id='block_1_2' title="bbox 121 397 2179 936">
    <p class='ocr_par' dir='ltr' id='par_1_2' title="bbox 121 397 2179 936">
     <span class='ocr_line' id='line_1_2' title="bbox 121 397 2179 530; baseline 0.02 -57"><span class='ocrx_word' id='word_1_7' title='bbox 121 397 333 501; x_wconf 83' lang='lat' dir='ltr'><strong>sabatur&#39;),</strong></span> <span class='ocrx_word' id='word_1_8' title='bbox 363 429 467 500; x_wconf 89' lang='lat' dir='ltr'><strong>quam</strong></span> <span class='ocrx_word' id='word_1_9' title='bbox 494 405 630 482; x_wconf 80' lang='lat' dir='ltr'>febrem</span> <span class='ocrx_word' id='word_1_10' title='bbox 653 427 689 486; x_wconf 92' lang='lat' dir='ltr'><strong>et</strong></span> <span class='ocrx_word' id='word_1_11' title='bbox 709 409 953 512; x_wconf 75' lang='lat' dir='ltr'><strong>dayonvpcrdv</strong></span> <span class='ocrx_word' id='word_1_12' title='bbox 971 429 1106 492; x_wconf 89' lang='lat' dir='ltr'><strong>veteres</strong></span> <span class='ocrx_word' id='word_1_13' title='bbox 1158 429 1301 508; x_wconf 85' lang='lat' dir='ltr'><strong>orante,</strong></span> <span class='ocrx_word' id='word_1_14' title='bbox 1335 431 1370 489; x_wconf 88' lang='lat' dir='ltr'><strong>et</strong></span> <span class='ocrx_word' id='word_1_15' title='bbox 1398 419 1644 510; x_wconf 75' lang='lat' dir='ltr'><strong>dissuadente,</strong></span> <span class='ocrx_word' id='word_1_16' title='bbox 1676 443 1711 500; x_wconf 93' lang='lat' dir='ltr'><strong>et</strong></span> <span class='ocrx_word' id='word_1_17' title='bbox 1743 425 1909 504; x_wconf 83' lang='lat' dir='ltr'><strong>hortante</strong></span> <span class='ocrx_word' id='word_1_18' title='bbox 1924 431 2146 530; x_wconf 71' lang='lat' dir='ltr'><strong>&#39;cameras-to,</strong></span> <span class='ocrx_word' id='word_1_19' title='bbox 2176 477 2179 484; x_wconf 58' lang='lat'><strong>&gt;</strong></span> 
     </span>
     <span class='ocr_line' id='line_1_3' title="bbox 122 504 2144 626; baseline 0.025 -61"><span class='ocrx_word' id='word_1_20' title='bbox 122 504 363 598; x_wconf 72' lang='lat' dir='ltr'><strong>appellarunt,</strong></span> <span class='ocrx_word' id='word_1_21' title='bbox 388 511 482 604; x_wconf 84' lang='lat' dir='ltr'><strong>quod</strong></span> <span class='ocrx_word' id='word_1_22' title='bbox 505 511 614 584; x_wconf 81' lang='lat' dir='ltr'><strong>simul</strong></span> <span class='ocrx_word' id='word_1_23' title='bbox 635 529 794 588; x_wconf 71' lang='lat' dir='ltr'><strong>aestuent</strong></span> <span class='ocrx_word' id='word_1_24' title='bbox 811 516 1015 610; x_wconf 74' lang='lat' dir='ltr'><strong>ast-algeant,</strong></span> <span class='ocrx_word' id='word_1_25' title='bbox 1040 519 1104 614; x_wconf 83' lang='lat' dir='ltr'><strong>qui</strong></span> <span class='ocrx_word' id='word_1_26' title='bbox 1155 539 1201 586; x_wconf 90' lang='lat' dir='ltr'><strong>ne</strong></span> <span class='ocrx_word' id='word_1_27' title='bbox 1216 518 1255 588; x_wconf 91' lang='lat' dir='ltr'><strong>in</strong></span> <span class='ocrx_word' id='word_1_28' title='bbox 1271 519 1453 610; x_wconf 87' lang='lat' dir='ltr'><strong>publicum</strong></span> <span class='ocrx_word' id='word_1_29' title='bbox 1471 525 1645 613; x_wconf 90' lang='lat' dir='ltr'><strong>prodiret,</strong></span> <span class='ocrx_word' id='word_1_30' title='bbox 1672 531 1728 600; x_wconf 91' lang='lat' dir='ltr'><strong>cui</strong></span> <span class='ocrx_word' id='word_1_31' title='bbox 1751 534 1813 604; x_wconf 91' lang='lat' dir='ltr'><strong>ille</strong></span> <span class='ocrx_word' id='word_1_32' title='bbox 1828 539 2037 626; x_wconf 87' lang='lat' dir='ltr'><strong>adversans,</strong></span> <span class='ocrx_word' id='word_1_33' title='bbox 2063 558 2144 614; x_wconf 86' lang='lat' dir='ltr'><strong>tan·</strong></span> 
     </span>
     <span class='ocr_line' id='line_1_4' title="bbox 122 601 2141 734; baseline 0.023 -59"><span class='ocrx_word' id='word_1_34' title='bbox 122 601 183 677; x_wconf 87' lang='lat' dir='ltr'><strong>bac</strong></span> <span class='ocrx_word' id='word_1_35' title='bbox 205 608 461 701; x_wconf 84' lang='lat' dir='ltr'><strong>corripiuntur.</strong></span> <span class='ocrx_word' id='word_1_36' title='bbox 510 610 674 686; x_wconf 86' lang='lat' dir='ltr'><strong>Medicus</strong></span> <span class='ocrx_word' id='word_1_37' title='bbox 696 641 781 688; x_wconf 89' lang='lat' dir='ltr'><strong>vero</strong></span> <span class='ocrx_word' id='word_1_38' title='bbox 804 633 1027 716; x_wconf 87' lang='lat' dir='ltr'><strong>nequaquam</strong></span> <span class='ocrx_word' id='word_1_39' title='bbox 1054 623 1102 694; x_wconf 89' lang='lat' dir='ltr'><strong>ita</strong></span> <span class='ocrx_word' id='word_1_40' title='bbox 1154 632 1230 688; x_wconf 81' lang='lat' dir='ltr'><strong>lum</strong></span> <span class='ocrx_word' id='word_1_41' title='bbox 1248 621 1381 706; x_wconf 70' lang='lat' dir='ltr'><strong>aiebat,</strong></span> <span class='ocrx_word' id='word_1_42' title='bbox 1407 621 1546 694; x_wconf 89' lang='lat' dir='ltr'><strong>unicam</strong></span> <span class='ocrx_word' id='word_1_43' title='bbox 1567 633 1777 703; x_wconf 89' lang='lat' dir='ltr'><strong>sententiam</strong></span> <span class='ocrx_word' id='word_1_44' title='bbox 1805 642 1924 728; x_wconf 87' lang='lat' dir='ltr'><strong>pueris</strong></span> <span class='ocrx_word' id='word_1_45' title='bbox 1948 644 2141 734; x_wconf 81' lang='lat' dir='ltr'><strong>explicabo.</strong></span> 
     </span>
     <span class='ocr_line' id='line_1_5' title="bbox 124 707 2139 840; baseline 0.018 -61"><span class='ocrx_word' id='word_1_46' title='bbox 124 707 263 796; x_wconf 63' lang='lat' dir='ltr'><strong>mutim,</strong></span> <span class='ocrx_word' id='word_1_47' title='bbox 289 713 349 782; x_wconf 87' lang='lat' dir='ltr'><strong>sed</strong></span> <span class='ocrx_word' id='word_1_48' title='bbox 363 712 621 784; x_wconf 89' lang='lat' dir='ltr'><strong>maiusmalum</strong></span> <span class='ocrx_word' id='word_1_49' title='bbox 644 741 718 791; x_wconf 88' lang='lat' dir='ltr'><strong>esse</strong></span> <span class='ocrx_word' id='word_1_50' title='bbox 740 719 958 809; x_wconf 76' lang='lat' dir='ltr'><strong>intelligere,</strong></span> <span class='ocrx_word' id='word_1_51' title='bbox 980 736 1014 794; x_wconf 88' lang='lat' dir='ltr'><strong>et</strong></span> <span class='ocrx_word' id='word_1_52' title='bbox 1039 747 1102 816; x_wconf 83' lang='lat' dir='ltr'><strong>pe-</strong></span> <span class='ocrx_word' id='word_1_53' title='bbox 1156 717 1206 792; x_wconf 87' lang='lat' dir='ltr'><strong>lta</strong></span> <span class='ocrx_word' id='word_1_54' title='bbox 1241 721 1314 792; x_wconf 86' lang='lat' dir='ltr'><strong>illis</strong></span> <span class='ocrx_word' id='word_1_55' title='bbox 1350 731 1700 810; x_wconf 83' lang='lat' dir='ltr'><strong>controversantibus</strong></span> <span class='ocrx_word' id='word_1_56' title='bbox 1743 736 1938 814; x_wconf 89' lang='lat' dir='ltr'><strong>intervenit</strong></span> <span class='ocrx_word' id='word_1_57' title='bbox 1956 765 1960 772; x_wconf 76' lang='grc'><em>“</em></span> <span class='ocrx_word' id='word_1_58' title='bbox 1978 739 2139 840; x_wconf 85' lang='lat' dir='ltr'><strong>Philippi</strong></span> 
     </span>
     <span class='ocr_line' id='line_1_6' title="bbox 124 801 2140 936; baseline 0.02 -56"><span class='ocrx_word' id='word_1_59' title='bbox 124 801 267 882; x_wconf 78' lang='lat' dir='ltr'><strong>ciculum</strong></span> <span class='ocrx_word' id='word_1_60' title='bbox 290 831 449 884; x_wconf 89' lang='lat' dir='ltr'><strong>metuere</strong></span> <span class='ocrx_word' id='word_1_61' title='bbox 471 815 636 904; x_wconf 80' lang='lat' dir='ltr'><strong>gravius,</strong></span> <span class='ocrx_word' id='word_1_62' title='bbox 669 823 764 916; x_wconf 90' lang='lat' dir='ltr'><strong>quod</strong></span> <span class='ocrx_word' id='word_1_63' title='bbox 791 821 889 891; x_wconf 87' lang='lat' dir='ltr'><strong>enim</strong></span> <span class='ocrx_word' id='word_1_64' title='bbox 914 847 1100 920; x_wconf 89' lang='lat' dir='ltr'><strong>nunquam</strong></span> <span class='ocrx_word' id='word_1_65' title='bbox 1151 821 1265 910; x_wconf 83' lang='lat' dir='ltr'><strong>lilius,</strong></span> <span class='ocrx_word' id='word_1_66' title='bbox 1290 839 1325 896; x_wconf 89' lang='lat' dir='ltr'><strong>et</strong></span> <span class='ocrx_word' id='word_1_67' title='bbox 1343 826 1596 900; x_wconf 87' lang='lat' dir='ltr'><strong>nunciatPatri</strong></span> <span class='ocrx_word' id='word_1_68' title='bbox 1608 835 1786 906; x_wconf 87' lang='lat' dir='ltr'><strong>neminem</strong></span> <span class='ocrx_word' id='word_1_69' title='bbox 1804 863 1878 910; x_wconf 88' lang='lat' dir='ltr'><strong>esse</strong></span> <span class='ocrx_word' id='word_1_70' title='bbox 1892 843 1931 912; x_wconf 91' lang='lat' dir='ltr'><strong>in</strong></span> <span class='ocrx_word' id='word_1_71' title='bbox 1946 847 2140 936; x_wconf 83' lang='lat' dir='ltr'><strong>auditorio,</strong></span> 
     </span>
    </p>
   </div>
   <div class='ocr_carea' id='block_1_3' title="bbox 91 912 2360 4674">
    <p class='ocr_par' dir='ltr' id='par_1_3' title="bbox 91 912 2360 4674">
     <span class='ocr_line' id='line_1_7' title="bbox 124 912 2138 1045; baseline 0.019 -61"><span class='ocrx_word' id='word_1_72' title='bbox 124 912 190 984; x_wconf 87' lang='lat' dir='ltr'><strong>aine</strong></span> <span class='ocrx_word' id='word_1_73' title='bbox 207 913 326 984; x_wconf 88' lang='lat' dir='ltr'><strong>calore</strong></span> <span class='ocrx_word' id='word_1_74' title='bbox 338 913 456 986; x_wconf 89' lang='lat' dir='ltr'><strong>alieno</strong></span> <span class='ocrx_word' id='word_1_75' title='bbox 470 939 598 1008; x_wconf 84' lang='lat' dir='ltr'><strong>corpus</strong></span> <span class='ocrx_word' id='word_1_76' title='bbox 614 943 687 992; x_wconf 84' lang='lat' dir='ltr'><strong>esse</strong></span> <span class='ocrx_word' id='word_1_77' title='bbox 703 923 849 996; x_wconf 79' lang='lat' dir='ltr'><strong>sentiret</strong></span> <span class='ocrx_word' id='word_1_78' title='bbox 865 925 1001 996; x_wconf 84' lang='lat' dir='ltr'><strong>febrem</strong></span> <span class='ocrx_word' id='word_1_79' title='bbox 1011 951 1099 998; x_wconf 85' lang='lat' dir='ltr'><strong>con·</strong></span> <span class='ocrx_word' id='word_1_80' title='bbox 1150 945 1256 1016; x_wconf 86' lang='lat' dir='ltr'><strong>quem</strong></span> <span class='ocrx_word' id='word_1_81' title='bbox 1289 924 1395 998; x_wconf 88' lang='lat' dir='ltr'><strong>Pater</strong></span> <span class='ocrx_word' id='word_1_82' title='bbox 1428 929 1552 1002; x_wconf 90' lang='lat' dir='ltr'><strong>durius</strong></span> <span class='ocrx_word' id='word_1_83' title='bbox 1578 937 1809 1026; x_wconf 88' lang='lat' dir='ltr'><strong>compellans,</strong></span> <span class='ocrx_word' id='word_1_84' title='bbox 1844 967 1926 1032; x_wconf 77' lang='lat' dir='ltr'><strong>ergo</strong></span> <span class='ocrx_word' id='word_1_85' title='bbox 1952 960 1990 1018; x_wconf 90' lang='lat' dir='ltr'><strong>to</strong></span> <span class='ocrx_word' id='word_1_86' title='bbox 2018 950 2138 1045; x_wconf 87' lang='lat' dir='ltr'><strong>inquit</strong></span> 
     </span>
     <span class='ocr_line' id='line_1_8' title="bbox 120 1011 2137 1142; baseline 0.018 -54"><span class='ocrx_word' id='word_1_87' title='bbox 120 1015 245 1088; x_wconf 84' lang='lat' dir='ltr'><strong>lionam</strong></span> <span class='ocrx_word' id='word_1_88' title='bbox 270 1039 345 1087; x_wconf 90' lang='lat' dir='ltr'><strong>esse</strong></span> <span class='ocrx_word' id='word_1_89' title='bbox 366 1011 619 1109; x_wconf 80' lang='lat' dir='ltr'><strong>deprehendit,</strong></span> <span class='ocrx_word' id='word_1_90' title='bbox 642 1047 710 1117; x_wconf 89' lang='lat' dir='ltr'><strong>qua</strong></span> <span class='ocrx_word' id='word_1_91' title='bbox 736 1025 831 1096; x_wconf 86' lang='lat' dir='ltr'><strong>vires</strong></span> <span class='ocrx_word' id='word_1_92' title='bbox 845 1049 1098 1099; x_wconf 84' lang='lat' dir='ltr'><strong>consumeren·</strong></span> <span class='ocrx_word' id='word_1_93' title='bbox 1148 1025 1328 1098; x_wconf 79' lang='lat' dir='ltr'><strong>discedere</strong></span> <span class='ocrx_word' id='word_1_94' title='bbox 1344 1024 1501 1102; x_wconf 82' lang='lat' dir='ltr'><strong>iussisti?</strong></span> <span class='ocrx_word' id='word_1_95' title='bbox 1524 1037 1717 1126; x_wconf 89' lang='lat' dir='ltr'><strong>quodcum</strong></span> <span class='ocrx_word' id='word_1_96' title='bbox 1736 1042 1829 1112; x_wconf 86' lang='lat' dir='ltr'><strong>lilius</strong></span> <span class='ocrx_word' id='word_1_97' title='bbox 1853 1065 2012 1136; x_wconf 85' lang='lat' dir='ltr'><strong>negaret,</strong></span> <span class='ocrx_word' id='word_1_98' title='bbox 2037 1056 2137 1142; x_wconf 85' lang='lat' dir='ltr'><strong>pater</strong></span> 
     </span>
     <span class='ocr_line' id='line_1_9' title="bbox 122 1118 2132 1239; baseline 0.017 -49"><span class='ocrx_word' id='word_1_99' title='bbox 122 1132 188 1202; x_wconf 89' lang='lat' dir='ltr'><strong>tur,</strong></span> <span class='ocrx_word' id='word_1_100' title='bbox 218 1129 253 1188; x_wconf 90' lang='lat' dir='ltr'><strong>et</strong></span> <span class='ocrx_word' id='word_1_101' title='bbox 274 1118 445 1190; x_wconf 90' lang='lat' dir='ltr'><strong>intestino</strong></span> <span class='ocrx_word' id='word_1_102' title='bbox 466 1119 634 1194; x_wconf 88' lang='lat' dir='ltr'><strong>incendio</strong></span> <span class='ocrx_word' id='word_1_103' title='bbox 657 1125 947 1220; x_wconf 86' lang='lat' dir='ltr'><strong>colliqueacerent</strong></span> <span class='ocrx_word' id='word_1_104' title='bbox 977 1133 1097 1224; x_wconf 86' lang='lat' dir='ltr'><strong>quasi·</strong></span> <span class='ocrx_word' id='word_1_105' title='bbox 1148 1127 1268 1197; x_wconf 75' lang='lat' dir='ltr'><strong>animo</strong></span> <span class='ocrx_word' id='word_1_106' title='bbox 1283 1131 1422 1208; x_wconf 73' lang='lat' dir='ltr'><strong>sedato,</strong></span> <span class='ocrx_word' id='word_1_107' title='bbox 1447 1133 1505 1202; x_wconf 88' lang='lat' dir='ltr'><strong>cui</strong></span> <span class='ocrx_word' id='word_1_108' title='bbox 1522 1135 1631 1224; x_wconf 80' lang='lat' dir='ltr'><strong>igitur</strong></span> <span class='ocrx_word' id='word_1_109' title='bbox 1651 1137 1785 1227; x_wconf 85' lang='lat' dir='ltr'><strong>legam,</strong></span> <span class='ocrx_word' id='word_1_110' title='bbox 1810 1145 1945 1239; x_wconf 89' lang='lat' dir='ltr'><strong>inquit,</strong></span> <span class='ocrx_word' id='word_1_111' title='bbox 1967 1152 1998 1218; x_wconf 79' lang='lat' dir='ltr'><strong>s&#39;i</strong></span> <span class='ocrx_word' id='word_1_112' title='bbox 2024 1175 2132 1224; x_wconf 91' lang='lat' dir='ltr'><strong>nemo</strong></span> 
     </span>
     <span class='ocr_line' id='line_1_10' title="bbox 122 1219 2133 1330; baseline 0.019 -42"><span class='ocrx_word' id='word_1_113' title='bbox 122 1241 182 1316; x_wconf 89' lang='lat' dir='ltr'><strong>que</strong></span> <span class='ocrx_word' id='word_1_114' title='bbox 209 1219 487 1311; x_wconf 76' lang='lat' dir='ltr'><strong>conflagrarent,</strong></span> <span class='ocrx_word' id='word_1_115' title='bbox 518 1225 562 1293; x_wconf 88' lang='lat' dir='ltr'><strong>ad</strong></span> <span class='ocrx_word' id='word_1_116' title='bbox 585 1249 692 1320; x_wconf 92' lang='lat' dir='ltr'><strong>quam</strong></span> <span class='ocrx_word' id='word_1_117' title='bbox 714 1251 794 1299; x_wconf 91' lang='lat' dir='ltr'><strong>eum</strong></span> <span class='ocrx_word' id='word_1_118' title='bbox 817 1231 982 1321; x_wconf 76' lang='lat' dir='ltr'><strong>periodos</strong></span> <span class='ocrx_word' id='word_1_119' title='bbox 1015 1233 1094 1302; x_wconf 87' lang='lat' dir='ltr'><strong>illas</strong></span> <span class='ocrx_word' id='word_1_120' title='bbox 1146 1229 1264 1330; x_wconf 82' lang='lat' dir='ltr'><strong>adest,</strong></span> <span class='ocrx_word' id='word_1_121' title='bbox 1289 1245 1324 1302; x_wconf 89' lang='lat' dir='ltr'><strong>et</strong></span> <span class='ocrx_word' id='word_1_122' title='bbox 1335 1229 1414 1302; x_wconf 89' lang='lat' dir='ltr'><strong>sine</strong></span> <span class='ocrx_word' id='word_1_123' title='bbox 1427 1235 1589 1323; x_wconf 83' lang='lat' dir='ltr'><strong>graviore</strong></span> <span class='ocrx_word' id='word_1_124' title='bbox 1603 1245 1840 1315; x_wconf 88' lang='lat' dir='ltr'><strong>commotione</strong></span> <span class='ocrx_word' id='word_1_125' title='bbox 1856 1267 1986 1320; x_wconf 85' lang='lat' dir='ltr'><strong>vestem</strong></span> <span class='ocrx_word' id='word_1_126' title='bbox 2011 1276 2133 1328; x_wconf 84' lang='lat' dir='ltr'><strong>narsus</strong></span> 
     </span>
     <span class='ocr_line' id='line_1_11' title="bbox 121 1321 2134 1447; baseline 0.017 -53"><span class='ocrx_word' id='word_1_127' title='bbox 121 1321 280 1394; x_wconf 83' lang='lat' dir='ltr'><strong>tenianas</strong></span> <span class='ocrx_word' id='word_1_128' title='bbox 294 1324 459 1394; x_wconf 76' lang='lat' dir='ltr'><strong>accedere</strong></span> <span class='ocrx_word' id='word_1_129' title='bbox 473 1323 629 1412; x_wconf 90' lang='lat' dir='ltr'><strong>videret,</strong></span> <span class='ocrx_word' id='word_1_130' title='bbox 652 1323 888 1425; x_wconf 80' lang='grc' dir='ltr'><em>ἡμιτριταῖον</em></span> <span class='ocrx_word' id='word_1_131' title='bbox 910 1353 984 1404; x_wconf 87' lang='lat' dir='ltr'><strong>esse</strong></span> <span class='ocrx_word' id='word_1_132' title='bbox 998 1333 1094 1405; x_wconf 90' lang='lat' dir='ltr'><strong>iudi·</strong></span> <span class='ocrx_word' id='word_1_133' title='bbox 1145 1331 1328 1420; x_wconf 73' lang='lat' dir='ltr'><strong>deposuit,</strong></span> <span class='ocrx_word' id='word_1_134' title='bbox 1361 1347 1467 1426; x_wconf 89' lang='lat' dir='ltr'><strong>atque</strong></span> <span class='ocrx_word' id='word_1_135' title='bbox 1495 1330 1561 1406; x_wconf 91' lang='lat' dir='ltr'><strong>hac</strong></span> <span class='ocrx_word' id='word_1_136' title='bbox 1585 1341 1732 1412; x_wconf 86' lang='lat' dir='ltr'><strong>minime</strong></span> <span class='ocrx_word' id='word_1_137' title='bbox 1757 1346 1982 1447; x_wconf 78' lang='lat' dir='ltr'><strong>culpanda⁹)</strong></span> <span class='ocrx_word' id='word_1_138' title='bbox 2007 1355 2134 1428; x_wconf 80' lang='lat' dir='ltr'><strong>fraude</strong></span> 
     </span>
     <span class='ocr_line' id='line_1_12' title="bbox 125 1423 2131 1544; baseline 0.017 -49"><span class='ocrx_word' id='word_1_139' title='bbox 125 1423 223 1506; x_wconf 89' lang='lat' dir='ltr'><strong>cavit,</strong></span> <span class='ocrx_word' id='word_1_140' title='bbox 254 1423 319 1517; x_wconf 90' lang='lat' dir='ltr'><strong>qui</strong></span> <span class='ocrx_word' id='word_1_141' title='bbox 337 1447 379 1493; x_wconf 85' lang='lat' dir='ltr'><strong>ex</strong></span> <span class='ocrx_word' id='word_1_142' title='bbox 390 1437 393 1444; x_wconf 87' lang='lat'>&#39;</span> <span class='ocrx_word' id='word_1_143' title='bbox 403 1424 552 1496; x_wconf 87' lang='lat' dir='ltr'><strong>tertiana</strong></span> <span class='ocrx_word' id='word_1_144' title='bbox 574 1441 607 1498; x_wconf 89' lang='lat' dir='ltr'><strong>et</strong></span> <span class='ocrx_word' id='word_1_145' title='bbox 628 1431 795 1501; x_wconf 86' lang='lat' dir='ltr'><strong>continua</strong></span> <span class='ocrx_word' id='word_1_146' title='bbox 811 1433 867 1517; x_wconf 82' lang='lat' dir='ltr'><strong>fit,</strong></span> <span class='ocrx_word' id='word_1_147' title='bbox 892 1446 927 1505; x_wconf 92' lang='lat' dir='ltr'><strong>et</strong></span> <span class='ocrx_word' id='word_1_148' title='bbox 943 1436 1094 1506; x_wconf 88' lang='lat' dir='ltr'><strong>manile-</strong></span> <span class='ocrx_word' id='word_1_149' title='bbox 1144 1431 1206 1501; x_wconf 85' lang='lat' dir='ltr'><strong>illa</strong></span> <span class='ocrx_word' id='word_1_150' title='bbox 1225 1432 1258 1501; x_wconf 83' lang='lat' dir='ltr'><strong>ei</strong></span> <span class='ocrx_word' id='word_1_151' title='bbox 1271 1457 1391 1504; x_wconf 81' lang='lat' dir='ltr'><strong>aversa</strong></span> <span class='ocrx_word' id='word_1_152' title='bbox 1406 1437 1612 1527; x_wconf 75' lang='lat' dir='ltr'><strong>defatigatio</strong></span> <span class='ocrx_word' id='word_1_153' title='bbox 1627 1443 1677 1512; x_wconf 89' lang='lat' dir='ltr'><strong>sic</strong></span> <span class='ocrx_word' id='word_1_154' title='bbox 1700 1445 1787 1532; x_wconf 85' lang='lat' dir='ltr'><strong>luit,</strong></span> <span class='ocrx_word' id='word_1_155' title='bbox 1808 1465 1846 1520; x_wconf 89' lang='lat' dir='ltr'><strong>ut</strong></span> <span class='ocrx_word' id='word_1_156' title='bbox 1862 1475 1966 1544; x_wconf 90' lang='lat' dir='ltr'><strong>quam</strong></span> <span class='ocrx_word' id='word_1_157' title='bbox 1981 1457 2131 1529; x_wconf 86' lang='lat' dir='ltr'><strong>minime</strong></span> 
     </span>
     <span class='ocr_line' id='line_1_13' title="bbox 123 1525 2132 1651; baseline 0.017 -57"><span class='ocrx_word' id='word_1_158' title='bbox 123 1526 233 1598; x_wconf 85' lang='lat' dir='ltr'><strong>stisde</strong></span> <span class='ocrx_word' id='word_1_159' title='bbox 247 1526 361 1596; x_wconf 87' lang='lat' dir='ltr'><strong>causis</strong></span> <span class='ocrx_word' id='word_1_160' title='bbox 374 1525 485 1596; x_wconf 81' lang='lat' dir='ltr'><strong>ferme</strong></span> <span class='ocrx_word' id='word_1_161' title='bbox 501 1551 639 1622; x_wconf 85' lang='lat' dir='ltr'><strong>semper</strong></span> <span class='ocrx_word' id='word_1_162' title='bbox 650 1546 701 1600; x_wconf 87' lang='lat' dir='ltr'><strong>est</strong></span> <span class='ocrx_word' id='word_1_163' title='bbox 717 1528 944 1622; x_wconf 89' lang='lat' dir='ltr'><strong>incurabilis,</strong></span> <span class='ocrx_word' id='word_1_164' title='bbox 982 1535 1091 1626; x_wconf 87' lang='lat' dir='ltr'><strong>Quod</strong></span> <span class='ocrx_word' id='word_1_165' title='bbox 1143 1549 1445 1622; x_wconf 88' lang='lat' dir='ltr'><strong>commoveretur,</strong></span> <span class='ocrx_word' id='word_1_166' title='bbox 1471 1555 1679 1612; x_wconf 79' lang='lat' dir='ltr'><strong>nontamen</strong></span> <span class='ocrx_word' id='word_1_167' title='bbox 1697 1545 1809 1634; x_wconf 88' lang='lat' dir='ltr'><strong>nihil,</strong></span> <span class='ocrx_word' id='word_1_168' title='bbox 1835 1577 1940 1646; x_wconf 88' lang='lat' dir='ltr'><strong>quam</strong></span> <span class='ocrx_word' id='word_1_169' title='bbox 1965 1577 2039 1626; x_wconf 88' lang='lat' dir='ltr'><strong>non</strong></span> <span class='ocrx_word' id='word_1_170' title='bbox 2065 1583 2132 1651; x_wconf 86' lang='lat' dir='ltr'><strong>po-</strong></span> 
     </span>
     <span class='ocr_line' id='line_1_14' title="bbox 120 1627 2130 1736; baseline 0.017 -38"><span class='ocrx_word' id='word_1_171' title='bbox 120 1641 224 1698; x_wconf 83' lang='lat' dir='ltr'><strong>autem</strong></span> <span class='ocrx_word' id='word_1_172' title='bbox 244 1627 290 1696; x_wconf 75' lang='lat' dir='ltr'><strong>in¹</strong></span> <span class='ocrx_word' id='word_1_173' title='bbox 305 1627 422 1697; x_wconf 87' lang='lat' dir='ltr'><strong>urinis</strong></span> <span class='ocrx_word' id='word_1_174' title='bbox 440 1627 578 1700; x_wconf 86' lang='lat' dir='ltr'><strong>lentum</strong></span> <span class='ocrx_word' id='word_1_175' title='bbox 603 1645 639 1704; x_wconf 87' lang='lat' dir='ltr'><strong>et</strong></span> <span class='ocrx_word' id='word_1_176' title='bbox 660 1634 822 1723; x_wconf 83' lang='lat' dir='ltr'><strong>nigrum,</strong></span> <span class='ocrx_word' id='word_1_177' title='bbox 855 1649 890 1706; x_wconf 87' lang='lat' dir='ltr'><strong>et</strong></span> <span class='ocrx_word' id='word_1_178' title='bbox 911 1639 1012 1730; x_wconf 89' lang='lat' dir='ltr'><strong>quasi</strong></span> <span class='ocrx_word' id='word_1_179' title='bbox 1035 1639 1091 1731; x_wconf 89' lang='lat' dir='ltr'><strong>pi-</strong></span> <span class='ocrx_word' id='word_1_180' title='bbox 1142 1635 1267 1707; x_wconf 81' lang='lat' dir='ltr'><strong>coisset</strong></span> <span class='ocrx_word' id='word_1_181' title='bbox 1286 1639 1470 1712; x_wconf 85' lang='lat' dir='ltr'><strong>sustinere.</strong></span> <span class='ocrx_word' id='word_1_182' title='bbox 1529 1639 1746 1736; x_wconf 80' lang='lat' dir='ltr'><strong>Expectabas</strong></span> <span class='ocrx_word' id='word_1_183' title='bbox 1770 1665 1845 1722; x_wconf 86' lang='lat' dir='ltr'><strong>tom</strong></span> <span class='ocrx_word' id='word_1_184' title='bbox 1866 1657 1909 1724; x_wconf 89' lang='lat' dir='ltr'><strong>ad</strong></span> <span class='ocrx_word' id='word_1_185' title='bbox 1932 1658 2026 1729; x_wconf 86' lang='lat' dir='ltr'><strong>sores</strong></span> <span class='ocrx_word' id='word_1_186' title='bbox 2048 1683 2130 1732; x_wconf 66' lang='lat' dir='ltr'><strong>mm</strong></span> 
     </span>
     <span class='ocr_line' id='line_1_15' title="bbox 117 1729 2131 1847; baseline 0.019 -52"><span class='ocrx_word' id='word_1_187' title='bbox 117 1753 210 1800; x_wconf 85' lang='lat' dir='ltr'><strong>ceum</strong></span> <span class='ocrx_word' id='word_1_188' title='bbox 223 1730 393 1822; x_wconf 82' lang='lat' dir='ltr'><strong>quiddam</strong></span> <span class='ocrx_word' id='word_1_189' title='bbox 410 1729 593 1802; x_wconf 81' lang='lat' dir='ltr'><strong>subsidere</strong></span> <span class='ocrx_word' id='word_1_190' title='bbox 613 1735 771 1821; x_wconf 86' lang='lat' dir='ltr'><strong>solebat,</strong></span> <span class='ocrx_word' id='word_1_191' title='bbox 822 1734 862 1806; x_wconf 91' lang='lat' dir='ltr'><strong>ld</strong></span> <span class='ocrx_word' id='word_1_192' title='bbox 877 1761 898 1806; x_wconf 94' lang='lat' dir='ltr'><strong>a</strong></span> <span class='ocrx_word' id='word_1_193' title='bbox 914 1738 1091 1834; x_wconf 85' lang='lat' dir='ltr'><strong>plerisque</strong></span> <span class='ocrx_word' id='word_1_194' title='bbox 1141 1736 1213 1806; x_wconf 86' lang='lat' dir='ltr'><strong>saei</strong></span> <span class='ocrx_word' id='word_1_195' title='bbox 1240 1735 1445 1810; x_wconf 88' lang='lat' dir='ltr'><strong>tabellarius</strong></span> <span class='ocrx_word' id='word_1_196' title='bbox 1466 1743 1593 1815; x_wconf 89' lang='lat' dir='ltr'><strong>missus</strong></span> <span class='ocrx_word' id='word_1_197' title='bbox 1616 1749 1660 1815; x_wconf 93' lang='lat' dir='ltr'><strong>ad</strong></span> <span class='ocrx_word' id='word_1_198' title='bbox 1683 1773 1764 1820; x_wconf 89' lang='lat' dir='ltr'><strong>eum</strong></span> <span class='ocrx_word' id='word_1_199' title='bbox 1781 1776 1822 1822; x_wconf 87' lang='lat' dir='ltr'><strong>ex</strong></span> <span class='ocrx_word' id='word_1_200' title='bbox 1836 1753 2068 1847; x_wconf 88' lang='lat' dir='ltr'><strong>Pomerania,</strong></span> <span class='ocrx_word' id='word_1_201' title='bbox 2094 1777 2131 1836; x_wconf 89' lang='lat' dir='ltr'><strong>et</strong></span> 
     </span>
     <span class='ocr_line' id='line_1_16' title="bbox 115 1828 2129 1936; baseline 0.019 -37"><span class='ocrx_word' id='word_1_202' title='bbox 115 1853 180 1923; x_wconf 90' lang='lat' dir='ltr'><strong>pro</strong></span> <span class='ocrx_word' id='word_1_203' title='bbox 200 1829 318 1902; x_wconf 89' lang='lat' dir='ltr'><strong>calculi</strong></span> <span class='ocrx_word' id='word_1_204' title='bbox 336 1831 484 1902; x_wconf 89' lang='lat' dir='ltr'><strong>materia</strong></span> <span class='ocrx_word' id='word_1_205' title='bbox 506 1828 722 1921; x_wconf 87' lang='lat' dir='ltr'><strong>habebatur,</strong></span> <span class='ocrx_word' id='word_1_206' title='bbox 746 1859 827 1907; x_wconf 87' lang='lat' dir='ltr'><strong>cum</strong></span> <span class='ocrx_word' id='word_1_207' title='bbox 850 1851 885 1910; x_wconf 89' lang='lat' dir='ltr'><strong>et</strong></span> <span class='ocrx_word' id='word_1_208' title='bbox 910 1839 987 1910; x_wconf 89' lang='lat' dir='ltr'><strong>sine</strong></span> <span class='ocrx_word' id='word_1_209' title='bbox 1011 1863 1089 1912; x_wconf 88' lang='lat' dir='ltr'><strong>are-</strong></span> <span class='ocrx_word' id='word_1_210' title='bbox 1141 1851 1243 1908; x_wconf 87' lang='lat' dir='ltr'><strong>erant</strong></span> <span class='ocrx_word' id='word_1_211' title='bbox 1257 1841 1381 1910; x_wconf 88' lang='lat' dir='ltr'><strong>eodem</strong></span> <span class='ocrx_word' id='word_1_212' title='bbox 1399 1855 1557 1934; x_wconf 88' lang='lat' dir='ltr'><strong>tempore</strong></span> <span class='ocrx_word' id='word_1_213' title='bbox 1573 1845 1697 1920; x_wconf 78' lang='lat' dir='ltr'><strong>literae</strong></span> <span class='ocrx_word' id='word_1_214' title='bbox 1713 1853 1745 1920; x_wconf 92' lang='lat' dir='ltr'><strong>ei</strong></span> <span class='ocrx_word' id='word_1_215' title='bbox 1762 1855 1969 1929; x_wconf 87' lang='lat' dir='ltr'><strong>scribendae</strong></span> <span class='ocrx_word' id='word_1_216' title='bbox 1988 1863 2129 1936; x_wconf 83' lang='lat' dir='ltr'><strong>aad-Du-</strong></span> 
     </span>
     <span class='ocr_line' id='line_1_17' title="bbox 118 1932 2127 2054; baseline 0.018 -56"><span class='ocrx_word' id='word_1_217' title='bbox 118 1932 212 2001; x_wconf 89' lang='lat' dir='ltr'><strong>nulis</strong></span> <span class='ocrx_word' id='word_1_218' title='bbox 226 1955 398 2026; x_wconf 89' lang='lat' dir='ltr'><strong>nunqnam</strong></span> <span class='ocrx_word' id='word_1_219' title='bbox 416 1947 550 2022; x_wconf 85' lang='lat' dir='ltr'><strong>essent,</strong></span> <span class='ocrx_word' id='word_1_220' title='bbox 574 1949 610 2008; x_wconf 90' lang='lat' dir='ltr'><strong>et</strong></span> <span class='ocrx_word' id='word_1_221' title='bbox 631 1939 795 2022; x_wconf 81' lang='lat' dir='ltr'><strong>turbidae</strong></span> <span class='ocrx_word' id='word_1_222' title='bbox 809 1961 966 2032; x_wconf 89' lang='lat' dir='ltr'><strong>semper,</strong></span> <span class='ocrx_word' id='word_1_223' title='bbox 991 1945 1088 2036; x_wconf 88' lang='lat' dir='ltr'><strong>quod</strong></span> <span class='ocrx_word' id='word_1_224' title='bbox 1141 1963 1215 2009; x_wconf 89' lang='lat' dir='ltr'><strong>cem</strong></span> <span class='ocrx_word' id='word_1_225' title='bbox 1234 1937 1423 2014; x_wconf 79' lang='lat' dir='ltr'><strong>borussiae</strong></span> <span class='ocrx_word' id='word_1_226' title='bbox 1438 1959 1502 2016; x_wconf 86' lang='lat' dir='ltr'><strong>etc.</strong></span> <span class='ocrx_word' id='word_1_227' title='bbox 1561 1945 1731 2041; x_wconf 87' lang='lat' dir='ltr'><strong>impedita</strong></span> <span class='ocrx_word' id='word_1_228' title='bbox 1747 1953 1856 2044; x_wconf 83' lang='lat' dir='ltr'><strong>igitur</strong></span> <span class='ocrx_word' id='word_1_229' title='bbox 1879 1961 2127 2054; x_wconf 81' lang='lat' dir='ltr'><strong>praelectionis</strong></span> 
     </span>
     <span class='ocr_line' id='line_1_18' title="bbox 118 2033 2126 2149; baseline 0.018 -47"><span class='ocrx_word' id='word_1_230' title='bbox 118 2033 408 2114; x_wconf 77' lang='lat' dir='ltr'><strong>lebrisralculum</strong></span> <span class='ocrx_word' id='word_1_231' title='bbox 432 2037 539 2108; x_wconf 90' lang='lat' dir='ltr'><strong>simul</strong></span> <span class='ocrx_word' id='word_1_232' title='bbox 564 2051 814 2112; x_wconf 82' lang='lat' dir='ltr'><strong>commoveret.</strong></span> <span class='ocrx_word' id='word_1_233' title='bbox 871 2039 998 2114; x_wconf 76' lang='lat' dir='ltr'><strong>Talem</strong></span> <span class='ocrx_word' id='word_1_234' title='bbox 1023 2067 1088 2115; x_wconf 86' lang='lat' dir='ltr'><strong>au·</strong></span> <span class='ocrx_word' id='word_1_235' title='bbox 1138 2041 1302 2139; x_wconf 89' lang='lat' dir='ltr'><strong>publicae</strong></span> <span class='ocrx_word' id='word_1_236' title='bbox 1325 2067 1431 2135; x_wconf 89' lang='lat' dir='ltr'><strong>opera</strong></span> <span class='ocrx_word' id='word_1_237' title='bbox 1456 2061 1496 2118; x_wconf 89' lang='lat' dir='ltr'><strong>ut</strong></span> <span class='ocrx_word' id='word_1_238' title='bbox 1520 2049 1692 2138; x_wconf 88' lang='lat' dir='ltr'><strong>diximus,</strong></span> <span class='ocrx_word' id='word_1_239' title='bbox 1718 2050 1803 2126; x_wconf 87' lang='lat' dir='ltr'><strong>haec</strong></span> <span class='ocrx_word' id='word_1_240' title='bbox 1824 2063 1967 2149; x_wconf 81' lang='lat' dir='ltr'><strong>agebat,</strong></span> <span class='ocrx_word' id='word_1_241' title='bbox 1991 2079 2025 2136; x_wconf 90' lang='lat' dir='ltr'><strong>et</strong></span> <span class='ocrx_word' id='word_1_242' title='bbox 2051 2063 2126 2138; x_wconf 61' lang='lat' dir='ltr'><strong>Bos</strong></span> 
     </span>
     <span class='ocr_line' id='line_1_19' title="bbox 115 2135 2127 2260; baseline 0.018 -56"><span class='ocrx_word' id='word_1_243' title='bbox 115 2135 323 2205; x_wconf 76' lang='lat' dir='ltr'><strong>remaneam</strong></span> <span class='ocrx_word' id='word_1_244' title='bbox 340 2135 378 2206; x_wconf 91' lang='lat' dir='ltr'><strong>in</strong></span> <span class='ocrx_word' id='word_1_245' title='bbox 395 2138 522 2208; x_wconf 90' lang='lat' dir='ltr'><strong>calculi</strong></span> <span class='ocrx_word' id='word_1_246' title='bbox 539 2141 839 2213; x_wconf 85' lang='lat' dir='ltr'><strong>commotionibus</strong></span> <span class='ocrx_word' id='word_1_247' title='bbox 851 2165 954 2236; x_wconf 80' lang='lat' dir='ltr'><strong>saepe</strong></span> <span class='ocrx_word' id='word_1_248' title='bbox 968 2168 1088 2216; x_wconf 83' lang='lat' dir='ltr'><strong>excre—</strong></span> <span class='ocrx_word' id='word_1_249' title='bbox 1137 2143 1309 2214; x_wconf 87' lang='lat' dir='ltr'><strong>rossiaeas</strong></span> <span class='ocrx_word' id='word_1_250' title='bbox 1324 2146 1479 2236; x_wconf 89' lang='lat' dir='ltr'><strong>primum</strong></span> <span class='ocrx_word' id='word_1_251' title='bbox 1503 2149 1542 2218; x_wconf 93' lang='lat' dir='ltr'><strong>in</strong></span> <span class='ocrx_word' id='word_1_252' title='bbox 1566 2175 1691 2225; x_wconf 89' lang='lat' dir='ltr'><strong>manus</strong></span> <span class='ocrx_word' id='word_1_253' title='bbox 1705 2161 1884 2250; x_wconf 82' lang='lat' dir='ltr'><strong>sumebat,</strong></span> <span class='ocrx_word' id='word_1_254' title='bbox 1908 2187 2062 2260; x_wconf 86' lang='lat' dir='ltr'><strong>cumque</strong></span> <span class='ocrx_word' id='word_1_255' title='bbox 2086 2168 2127 2240; x_wconf 90' lang='lat' dir='ltr'><strong>in</strong></span> 
     </span>
     <span class='ocr_line' id='line_1_20' title="bbox 112 2237 2125 2356; baseline 0.019 -54"><span class='ocrx_word' id='word_1_256' title='bbox 112 2251 203 2310; x_wconf 87' lang='lat' dir='ltr'><strong>verat</strong></span> <span class='ocrx_word' id='word_1_257' title='bbox 222 2250 341 2318; x_wconf 88' lang='lat' dir='ltr'><strong>antea,</strong></span> <span class='ocrx_word' id='word_1_258' title='bbox 372 2239 455 2310; x_wconf 92' lang='lat' dir='ltr'><strong>etsi</strong></span> <span class='ocrx_word' id='word_1_259' title='bbox 472 2241 559 2335; x_wconf 91' lang='lat' dir='ltr'><strong>quid</strong></span> <span class='ocrx_word' id='word_1_260' title='bbox 580 2245 719 2312; x_wconf 87' lang='lat' dir='ltr'><strong>adversi</strong></span> <span class='ocrx_word' id='word_1_261' title='bbox 734 2259 890 2315; x_wconf 86' lang='lat' dir='ltr'><strong>senserat</strong></span> <span class='ocrx_word' id='word_1_262' title='bbox 905 2257 1029 2332; x_wconf 85' lang='lat' dir='ltr'><strong>autea,</strong></span> <span class='ocrx_word' id='word_1_263' title='bbox 1054 2248 1086 2318; x_wconf 90' lang='lat' dir='ltr'><strong>si</strong></span> <span class='ocrx_word' id='word_1_264' title='bbox 1138 2237 1195 2313; x_wconf 79' lang='lat' dir='ltr'><strong>itis</strong></span> <span class='ocrx_word' id='word_1_265' title='bbox 1217 2247 1412 2319; x_wconf 76' lang='lat' dir='ltr'><strong>scribendis</strong></span> <span class='ocrx_word' id='word_1_266' title='bbox 1434 2250 1556 2343; x_wconf 87' lang='lat' dir='ltr'><strong>aliquo</strong></span> <span class='ocrx_word' id='word_1_267' title='bbox 1574 2277 1687 2348; x_wconf 86' lang='lat' dir='ltr'><strong>usque</strong></span> <span class='ocrx_word' id='word_1_268' title='bbox 1703 2279 1907 2350; x_wconf 80' lang='lat' dir='ltr'><strong>progressus</strong></span> <span class='ocrx_word' id='word_1_269' title='bbox 1922 2267 2065 2356; x_wconf 83' lang='lat' dir='ltr'><strong>luisset,</strong></span> <span class='ocrx_word' id='word_1_270' title='bbox 2087 2265 2125 2341; x_wconf 73' lang='lat' dir='ltr'><strong>se</strong></span> 
     </span>
     <span class='ocr_line' id='line_1_21' title="bbox 106 2337 2126 2463; baseline 0.021 -56"><span class='ocrx_word' id='word_1_271' title='bbox 106 2337 209 2408; x_wconf 87' lang='lat' dir='ltr'><strong>talem</strong></span> <span class='ocrx_word' id='word_1_272' title='bbox 221 2339 386 2410; x_wconf 79' lang='lat' dir='ltr'><strong>edidisset</strong></span> <span class='ocrx_word' id='word_1_273' title='bbox 399 2341 563 2430; x_wconf 89' lang='lat' dir='ltr'><strong>urinam,</strong></span> <span class='ocrx_word' id='word_1_274' title='bbox 587 2337 681 2414; x_wconf 88' lang='lat' dir='ltr'><strong>nihil</strong></span> <span class='ocrx_word' id='word_1_275' title='bbox 698 2346 795 2415; x_wconf 89' lang='lat' dir='ltr'><strong>aliod</strong></span> <span class='ocrx_word' id='word_1_276' title='bbox 819 2347 888 2416; x_wconf 88' lang='lat' dir='ltr'><strong>nisi</strong></span> <span class='ocrx_word' id='word_1_277' title='bbox 909 2347 1084 2420; x_wconf 86' lang='lat' dir='ltr'><strong>calculum</strong></span> <span class='ocrx_word' id='word_1_278' title='bbox 1136 2345 1259 2436; x_wconf 89' lang='lat' dir='ltr'><strong>positis</strong></span> <span class='ocrx_word' id='word_1_279' title='bbox 1273 2345 1334 2434; x_wconf 90' lang='lat' dir='ltr'><strong>iis,</strong></span> <span class='ocrx_word' id='word_1_280' title='bbox 1354 2345 1828 2448; x_wconf 77' lang='lat' dir='ltr'><strong>pomeranica-expediebat,</strong></span> <span class='ocrx_word' id='word_1_281' title='bbox 1848 2381 1888 2436; x_wconf 78' lang='lat' dir='ltr'><strong>ul</strong></span> <span class='ocrx_word' id='word_1_282' title='bbox 1903 2369 2021 2440; x_wconf 76' lang='lat' dir='ltr'><strong>minua</strong></span> <span class='ocrx_word' id='word_1_283' title='bbox 2038 2395 2126 2463; x_wconf 82' lang='lat' dir='ltr'><strong>ope·</strong></span> 
     </span>
     <span class='ocr_line' id='line_1_22' title="bbox 107 2444 2360 2560; baseline 0.017 -51"><span class='ocrx_word' id='word_1_284' title='bbox 107 2463 178 2509; x_wconf 85' lang='lat' dir='ltr'><strong>esse</strong></span> <span class='ocrx_word' id='word_1_285' title='bbox 190 2455 281 2512; x_wconf 88' lang='lat' dir='ltr'><strong>certo</strong></span> <span class='ocrx_word' id='word_1_286' title='bbox 295 2444 471 2515; x_wconf 84' lang='lat' dir='ltr'><strong>statuebat</strong></span> <span class='ocrx_word' id='word_1_287' title='bbox 493 2445 619 2536; x_wconf 78' lang='lat' dir='ltr'><strong>longae</strong></span> <span class='ocrx_word' id='word_1_288' title='bbox 639 2447 874 2538; x_wconf 80' lang='lat' dir='ltr'><strong>experientiae</strong></span> <span class='ocrx_word' id='word_1_289' title='bbox 896 2469 1086 2539; x_wconf 83' lang='lat' dir='ltr'><strong>argumeu-</strong></span> <span class='ocrx_word' id='word_1_290' title='bbox 1135 2467 1214 2516; x_wconf 87' lang='lat' dir='ltr'><strong>rosa</strong></span> <span class='ocrx_word' id='word_1_291' title='bbox 1229 2449 1384 2537; x_wconf 83' lang='lat' dir='ltr'><strong>negocia.</strong></span> <span class='ocrx_word' id='word_1_292' title='bbox 1433 2449 1571 2526; x_wconf 87' lang='lat' dir='ltr'><strong>Literas</strong></span> <span class='ocrx_word' id='word_1_293' title='bbox 1589 2457 1701 2546; x_wconf 81' lang='lat' dir='ltr'><strong>igitur</strong></span> <span class='ocrx_word' id='word_1_294' title='bbox 1724 2475 1799 2534; x_wconf 86' lang='lat' dir='ltr'><strong>tum</strong></span> <span class='ocrx_word' id='word_1_295' title='bbox 1819 2466 1857 2536; x_wconf 88' lang='lat' dir='ltr'><strong>in</strong></span> <span class='ocrx_word' id='word_1_296' title='bbox 1873 2465 2124 2544; x_wconf 75' lang='lat' dir='ltr'><strong>pomeraniam</strong></span> <span class='ocrx_word' id='word_1_297' title='bbox 2357 2553 2360 2560; x_wconf 68' lang='grc'>,</span> 
     </span>
     <span class='ocr_line' id='line_1_23' title="bbox 103 2541 2244 2664; baseline 0.018 -53"><span class='ocrx_word' id='word_1_298' title='bbox 103 2542 148 2612; x_wconf 89' lang='lat' dir='ltr'><strong>tis</strong></span> <span class='ocrx_word' id='word_1_299' title='bbox 162 2544 315 2616; x_wconf 68' lang='lat' dir='ltr'><strong>monus.</strong></span> <span class='ocrx_word' id='word_1_300' title='bbox 365 2541 446 2616; x_wconf 89' lang='lat' dir='ltr'><strong>Hoc</strong></span> <span class='ocrx_word' id='word_1_301' title='bbox 469 2546 578 2638; x_wconf 78' lang='lat' dir='ltr'><strong>igitur</strong></span> <span class='ocrx_word' id='word_1_302' title='bbox 601 2550 698 2642; x_wconf 88' lang='lat' dir='ltr'><strong>quod</strong></span> <span class='ocrx_word' id='word_1_303' title='bbox 722 2561 799 2620; x_wconf 86' lang='lat' dir='ltr'><strong>tum</strong></span> <span class='ocrx_word' id='word_1_304' title='bbox 821 2551 992 2623; x_wconf 88' lang='lat' dir='ltr'><strong>edebatur</strong></span> <span class='ocrx_word' id='word_1_305' title='bbox 1003 2551 1084 2624; x_wconf 88' lang='lat' dir='ltr'><strong>Me-</strong></span> <span class='ocrx_word' id='word_1_306' title='bbox 1134 2548 1310 2636; x_wconf 84' lang='lat' dir='ltr'><strong>scribebat</strong></span> <span class='ocrx_word' id='word_1_307' title='bbox 1325 2563 1444 2622; x_wconf 88' lang='lat' dir='ltr'><strong>ternas</strong></span> <span class='ocrx_word' id='word_1_308' title='bbox 1459 2556 1504 2624; x_wconf 92' lang='lat' dir='ltr'><strong>ad</strong></span> <span class='ocrx_word' id='word_1_309' title='bbox 1521 2557 1730 2644; x_wconf 88' lang='lat' dir='ltr'><strong>minimum,</strong></span> <span class='ocrx_word' id='word_1_310' title='bbox 1755 2579 1790 2634; x_wconf 90' lang='lat' dir='ltr'><strong>et</strong></span> <span class='ocrx_word' id='word_1_311' title='bbox 1815 2567 1956 2640; x_wconf 89' lang='lat' dir='ltr'><strong>libellos</strong></span> <span class='ocrx_word' id='word_1_312' title='bbox 1978 2575 2123 2664; x_wconf 86' lang='lat' dir='ltr'><strong>pluscu-</strong></span> <span class='ocrx_word' id='word_1_313' title='bbox 2242 2565 2244 2570; x_wconf 50' lang='grc'>’</span> 
     </span>
     <span class='ocr_line' id='line_1_24' title="bbox 105 2643 2126 2748; baseline 0.018 -36"><span class='ocrx_word' id='word_1_314' title='bbox 105 2644 202 2714; x_wconf 88' lang='lat' dir='ltr'><strong>dirus</strong></span> <span class='ocrx_word' id='word_1_315' title='bbox 215 2657 334 2715; x_wconf 87' lang='lat' dir='ltr'><strong>noster</strong></span> <span class='ocrx_word' id='word_1_316' title='bbox 349 2660 384 2716; x_wconf 88' lang='lat' dir='ltr'><strong>et</strong></span> <span class='ocrx_word' id='word_1_317' title='bbox 398 2643 505 2739; x_wconf 78' lang='grc' dir='ltr'><em>ὤμον</em></span> <span class='ocrx_word' id='word_1_318' title='bbox 517 2643 646 2741; x_wconf 79' lang='grc' dir='ltr'><em>χυμὸν</em></span> <span class='ocrx_word' id='word_1_319' title='bbox 660 2648 816 2720; x_wconf 86' lang='lat' dir='ltr'><strong>indicare</strong></span> <span class='ocrx_word' id='word_1_320' title='bbox 832 2666 867 2722; x_wconf 90' lang='lat' dir='ltr'><strong>et</strong></span> <span class='ocrx_word' id='word_1_321' title='bbox 887 2675 933 2722; x_wconf 90' lang='lat' dir='ltr'><strong>ne</strong></span> <span class='ocrx_word' id='word_1_322' title='bbox 948 2675 1082 2747; x_wconf 77' lang='grc' dir='ltr'><em>συντη-</em></span> <span class='ocrx_word' id='word_1_323' title='bbox 1134 2651 1187 2719; x_wconf 89' lang='lat' dir='ltr'><strong>los</strong></span> <span class='ocrx_word' id='word_1_324' title='bbox 1209 2651 1391 2722; x_wconf 86' lang='lat' dir='ltr'><strong>concionis</strong></span> <span class='ocrx_word' id='word_1_325' title='bbox 1414 2647 1556 2748; x_wconf 86' lang='lat' dir='ltr'><strong>habitae</strong></span> <span class='ocrx_word' id='word_1_326' title='bbox 1578 2661 1623 2728; x_wconf 90' lang='lat' dir='ltr'><strong>ad</strong></span> <span class='ocrx_word' id='word_1_327' title='bbox 1639 2661 1747 2734; x_wconf 86' lang='lat' dir='ltr'><strong>luuus</strong></span> <span class='ocrx_word' id='word_1_328' title='bbox 1768 2662 1878 2738; x_wconf 81' lang='lat' dir='ltr'><strong>Ducis</strong></span> <span class='ocrx_word' id='word_1_329' title='bbox 1892 2669 2126 2748; x_wconf 86' lang='lat' dir='ltr'><strong>Pomeraniae</strong></span> 
     </span>
     <span class='ocr_line' id='line_1_25' title="bbox 105 2740 2121 2856; baseline 0.015 -40"><span class='ocrx_word' id='word_1_330' title='bbox 105 2740 229 2816; x_wconf 75' lang='grc' dir='ltr'><em>κακὸν</em></span> <span class='ocrx_word' id='word_1_331' title='bbox 240 2746 373 2841; x_wconf 89' lang='lat' dir='ltr'><strong>aliquid</strong></span> <span class='ocrx_word' id='word_1_332' title='bbox 386 2763 473 2819; x_wconf 88' lang='lat' dir='ltr'><strong>essct</strong></span> <span class='ocrx_word' id='word_1_333' title='bbox 490 2764 646 2820; x_wconf 88' lang='lat' dir='ltr'><strong>metuere</strong></span> <span class='ocrx_word' id='word_1_334' title='bbox 664 2773 700 2821; x_wconf 88' lang='lat' dir='ltr'><strong>se</strong></span> <span class='ocrx_word' id='word_1_335' title='bbox 715 2752 953 2842; x_wconf 82' lang='lat' dir='ltr'><strong>significabat,</strong></span> <span class='ocrx_word' id='word_1_336' title='bbox 968 2755 1081 2826; x_wconf 86' lang='lat' dir='ltr'><strong>inter-</strong></span> <span class='ocrx_word' id='word_1_337' title='bbox 1134 2745 1293 2844; x_wconf 88' lang='lat' dir='ltr'><strong>Philippi</strong></span> <span class='ocrx_word' id='word_1_338' title='bbox 1315 2767 1381 2828; x_wconf 88' lang='lat' dir='ltr'><strong>etc.</strong></span> <span class='ocrx_word' id='word_1_339' title='bbox 1407 2755 1452 2823; x_wconf 89' lang='lat' dir='ltr'><strong>de</strong></span> <span class='ocrx_word' id='word_1_340' title='bbox 1481 2781 1551 2849; x_wconf 88' lang='lat' dir='ltr'><strong>qua</strong></span> <span class='ocrx_word' id='word_1_341' title='bbox 1578 2783 1682 2850; x_wconf 90' lang='lat' dir='ltr'><strong>supra</strong></span> <span class='ocrx_word' id='word_1_342' title='bbox 1704 2767 1879 2856; x_wconf 88' lang='lat' dir='ltr'><strong>diximus,</strong></span> <span class='ocrx_word' id='word_1_343' title='bbox 1906 2775 2036 2848; x_wconf 87' lang='lat' dir='ltr'><strong>amicis.</strong></span> <span class='ocrx_word' id='word_1_344' title='bbox 2063 2779 2121 2847; x_wconf 80' lang='lat' dir='ltr'><strong>iu·</strong></span> 
     </span>
     <span class='ocr_line' id='line_1_26' title="bbox 105 2848 2120 2947; baseline 0.018 -33"><span class='ocrx_word' id='word_1_345' title='bbox 105 2848 323 2936; x_wconf 82' lang='lat' dir='ltr'><strong>rogantibus,</strong></span> <span class='ocrx_word' id='word_1_346' title='bbox 359 2850 462 2920; x_wconf 87' lang='lat' dir='ltr'><strong>cuius</strong></span> <span class='ocrx_word' id='word_1_347' title='bbox 484 2851 704 2923; x_wconf 88' lang='lat' dir='ltr'><strong>coniecturas</strong></span> <span class='ocrx_word' id='word_1_348' title='bbox 725 2867 837 2924; x_wconf 84' lang='lat' dir='ltr'><strong>rectas</strong></span> <span class='ocrx_word' id='word_1_349' title='bbox 856 2869 892 2925; x_wconf 89' lang='lat' dir='ltr'><strong>et</strong></span> <span class='ocrx_word' id='word_1_350' title='bbox 908 2855 1080 2926; x_wconf 87' lang='lat' dir='ltr'><strong>iudicium</strong></span> <span class='ocrx_word' id='word_1_351' title='bbox 1133 2853 1320 2930; x_wconf 66' lang='lat' dir='ltr'><strong>scribebat·</strong></span> <span class='ocrx_word' id='word_1_352' title='bbox 1371 2851 1545 2929; x_wconf 63' lang='lat' dir='ltr'><strong>Fortwfe</strong></span> <span class='ocrx_word' id='word_1_353' title='bbox 1560 2876 1676 2932; x_wconf 66' lang='lat' dir='ltr'><strong>eutem</strong></span> <span class='ocrx_word' id='word_1_354' title='bbox 1696 2860 1763 2946; x_wconf 77' lang='lat' dir='ltr'><strong>hoc</strong></span> <span class='ocrx_word' id='word_1_355' title='bbox 1779 2871 1885 2940; x_wconf 76' lang='lat' dir='ltr'><strong>eliam</strong></span> <span class='ocrx_word' id='word_1_356' title='bbox 1907 2873 2001 2946; x_wconf 78' lang='lat' dir='ltr'><strong>inter</strong></span> <span class='ocrx_word' id='word_1_357' title='bbox 2025 2881 2120 2947; x_wconf 84' lang='lat' dir='ltr'><strong>omi·-</strong></span> 
     </span>
     <span class='ocr_line' id='line_1_27' title="bbox 105 2949 2120 3062; baseline 0.018 -48"><span class='ocrx_word' id='word_1_358' title='bbox 105 2965 224 3018; x_wconf 87' lang='lat' dir='ltr'><strong>verum</strong></span> <span class='ocrx_word' id='word_1_359' title='bbox 244 2949 348 3020; x_wconf 81' lang='lat' dir='ltr'><strong>luisse</strong></span> <span class='ocrx_word' id='word_1_360' title='bbox 370 2951 485 3022; x_wconf 85' lang='lat' dir='ltr'><strong>exitus</strong></span> <span class='ocrx_word' id='word_1_361' title='bbox 512 2955 775 3046; x_wconf 86' lang='lat' dir='ltr'><strong>comprobavit,</strong></span> <span class='ocrx_word' id='word_1_362' title='bbox 806 2969 841 3026; x_wconf 91' lang='lat' dir='ltr'><strong>et</strong></span> <span class='ocrx_word' id='word_1_363' title='bbox 865 2956 972 3027; x_wconf 89' lang='lat' dir='ltr'><strong>nimis</strong></span> <span class='ocrx_word' id='word_1_364' title='bbox 999 2957 1080 3052; x_wconf 91' lang='lat' dir='ltr'><strong>qui·</strong></span> <span class='ocrx_word' id='word_1_365' title='bbox 1127 2977 1219 3036; x_wconf 51' lang='lat' dir='ltr'><strong>,nosa</strong></span> <span class='ocrx_word' id='word_1_366' title='bbox 1234 2955 1458 3026; x_wconf 81' lang='lat' dir='ltr'><strong>referendum</strong></span> <span class='ocrx_word' id='word_1_367' title='bbox 1480 2975 1576 3032; x_wconf 90' lang='lat' dir='ltr'><strong>sexta</strong></span> <span class='ocrx_word' id='word_1_368' title='bbox 1597 2975 1680 3062; x_wconf 74' lang='lat' dir='ltr'><strong>ante</strong></span> <span class='ocrx_word' id='word_1_369' title='bbox 1700 2983 1852 3040; x_wconf 74' lang='lat' dir='ltr'><strong>monem</strong></span> <span class='ocrx_word' id='word_1_370' title='bbox 1873 2974 1935 3044; x_wconf 86' lang='lat' dir='ltr'><strong>die</strong></span> <span class='ocrx_word' id='word_1_371' title='bbox 1953 3000 2033 3046; x_wconf 90' lang='lat' dir='ltr'><strong>eum</strong></span> <span class='ocrx_word' id='word_1_372' title='bbox 2061 2981 2120 3050; x_wconf 83' lang='lat' dir='ltr'><strong>lu-</strong></span> 
     </span>
     <span class='ocr_line' id='line_1_28' title="bbox 103 3045 2118 3169; baseline 0.016 -51"><span class='ocrx_word' id='word_1_373' title='bbox 103 3049 199 3134; x_wconf 88' lang='lat' dir='ltr'><strong>dem,</strong></span> <span class='ocrx_word' id='word_1_374' title='bbox 220 3075 301 3120; x_wconf 89' lang='lat' dir='ltr'><strong>nam</strong></span> <span class='ocrx_word' id='word_1_375' title='bbox 318 3045 598 3124; x_wconf 85' lang='lat' dir='ltr'><strong>haemitcitaeam</strong></span> <span class='ocrx_word' id='word_1_376' title='bbox 613 3055 748 3126; x_wconf 83' lang='lat' dir='ltr'><strong>febrem</strong></span> <span class='ocrx_word' id='word_1_377' title='bbox 766 3057 894 3144; x_wconf 80' lang='lat' dir='ltr'><strong>inisse,</strong></span> <span class='ocrx_word' id='word_1_378' title='bbox 919 3083 1011 3153; x_wconf 84' lang='lat' dir='ltr'><strong>quac</strong></span> <span class='ocrx_word' id='word_1_379' title='bbox 1035 3057 1079 3134; x_wconf 85' lang='lat' dir='ltr'><strong>D.</strong></span> <span class='ocrx_word' id='word_1_380' title='bbox 1112 3057 1259 3126; x_wconf 82' lang='lat' dir='ltr'><strong>-nebres</strong></span> <span class='ocrx_word' id='word_1_381' title='bbox 1274 3056 1462 3129; x_wconf 87' lang='lat' dir='ltr'><strong>conciones</strong></span> <span class='ocrx_word' id='word_1_382' title='bbox 1478 3061 1683 3140; x_wconf 84' lang='lat' dir='ltr'><strong>inscribere.</strong></span> <span class='ocrx_word' id='word_1_383' title='bbox 1721 3067 1798 3142; x_wconf 87' lang='lat' dir='ltr'><strong>Sub</strong></span> <span class='ocrx_word' id='word_1_384' title='bbox 1813 3073 1850 3142; x_wconf 93' lang='lat' dir='ltr'><strong>id</strong></span> <span class='ocrx_word' id='word_1_385' title='bbox 1868 3087 2006 3169; x_wconf 90' lang='lat' dir='ltr'><strong>tempus</strong></span> <span class='ocrx_word' id='word_1_386' title='bbox 2021 3103 2118 3150; x_wconf 88' lang='lat' dir='ltr'><strong>nun-</strong></span> 
     </span>
     <span class='ocr_line' id='line_1_29' title="bbox 98 3146 2116 3273; baseline 0.017 -54"><span class='ocrx_word' id='word_1_387' title='bbox 98 3146 301 3244; x_wconf 78' lang='lat' dir='ltr'><strong>&#39;Pbilippom</strong></span> <span class='ocrx_word' id='word_1_388' title='bbox 321 3154 530 3240; x_wconf 83' lang='lat' dir='ltr'><strong>coniecerit,</strong></span> <span class='ocrx_word' id='word_1_389' title='bbox 561 3169 596 3226; x_wconf 93' lang='lat' dir='ltr'><strong>et</strong></span> <span class='ocrx_word' id='word_1_390' title='bbox 620 3157 712 3228; x_wconf 90' lang='lat' dir='ltr'><strong>vires</strong></span> <span class='ocrx_word' id='word_1_391' title='bbox 737 3157 776 3227; x_wconf 92' lang='lat' dir='ltr'><strong>iu</strong></span> <span class='ocrx_word' id='word_1_392' title='bbox 801 3182 949 3254; x_wconf 89' lang='lat' dir='ltr'><strong>corpore</strong></span> <span class='ocrx_word' id='word_1_393' title='bbox 973 3159 1079 3230; x_wconf 84' lang='lat' dir='ltr'><strong>senili</strong></span> <span class='ocrx_word' id='word_1_394' title='bbox 1130 3157 1390 3228; x_wconf 84' lang='lat' dir='ltr'><strong>ciabalurcide</strong></span> <span class='ocrx_word' id='word_1_395' title='bbox 1407 3164 1593 3234; x_wconf 82' lang='lat' dir='ltr'><strong>conatibus</strong></span> <span class='ocrx_word' id='word_1_396' title='bbox 1608 3167 1885 3262; x_wconf 85' lang='lat' dir='ltr'><strong>malevolorum,</strong></span> <span class='ocrx_word' id='word_1_397' title='bbox 1912 3181 2043 3273; x_wconf 88' lang='lat' dir='ltr'><strong>quibus</strong></span> <span class='ocrx_word' id='word_1_398' title='bbox 2057 3183 2116 3252; x_wconf 88' lang='lat' dir='ltr'><strong>in-</strong></span> 
     </span>
     <span class='ocr_line' id='line_1_30' title="bbox 96 3252 2120 3358; baseline 0.018 -39"><span class='ocrx_word' id='word_1_399' title='bbox 96 3252 252 3346; x_wconf 86' lang='lat' dir='ltr'><strong>·reliquas</strong></span> <span class='ocrx_word' id='word_1_400' title='bbox 273 3257 500 3338; x_wconf 85' lang='lat' dir='ltr'><strong>absumserit,</strong></span> <span class='ocrx_word' id='word_1_401' title='bbox 526 3259 683 3328; x_wconf 89' lang='lat' dir='ltr'><strong>dubitari</strong></span> <span class='ocrx_word' id='word_1_402' title='bbox 706 3283 779 3328; x_wconf 87' lang='lat' dir='ltr'><strong>nou</strong></span> <span class='ocrx_word' id='word_1_403' title='bbox 798 3273 923 3350; x_wconf 87' lang='lat' dir='ltr'><strong>potest.</strong></span> <span class='ocrx_word' id='word_1_404' title='bbox 976 3260 1078 3352; x_wconf 84' lang='lat' dir='ltr'><strong>Quae</strong></span> <span class='ocrx_word' id='word_1_405' title='bbox 1128 3259 1301 3330; x_wconf 83' lang='lat' dir='ltr'><strong>sidiarum</strong></span> <span class='ocrx_word' id='word_1_406' title='bbox 1326 3275 1502 3338; x_wconf 78' lang='lat' dir='ltr'><strong>cenarum</strong></span> <span class='ocrx_word' id='word_1_407' title='bbox 1522 3267 1720 3358; x_wconf 83' lang='lat' dir='ltr'><strong>tendiculas</strong></span> <span class='ocrx_word' id='word_1_408' title='bbox 1741 3274 1799 3355; x_wconf 78' lang='lat' dir='ltr'><strong>illi</strong></span> <span class='ocrx_word' id='word_1_409' title='bbox 1816 3291 2015 3354; x_wconf 68' lang='lat' dir='ltr'><strong>struxerant</strong></span> <span class='ocrx_word' id='word_1_410' title='bbox 2040 3285 2120 3354; x_wconf 86' lang='lat' dir='ltr'><strong>cui-</strong></span> 
     </span>
     <span class='ocr_line' id='line_1_31' title="bbox 101 3351 2117 3474; baseline 0.017 -53"><span class='ocrx_word' id='word_1_411' title='bbox 101 3353 145 3422; x_wconf 89' lang='lat' dir='ltr'><strong>de</strong></span> <span class='ocrx_word' id='word_1_412' title='bbox 160 3357 280 3426; x_wconf 87' lang='lat' dir='ltr'><strong>morbo</strong></span> <span class='ocrx_word' id='word_1_413' title='bbox 298 3357 408 3449; x_wconf 84' lang='lat' dir='ltr'><strong>ipsius</strong></span> <span class='ocrx_word' id='word_1_414' title='bbox 421 3351 494 3428; x_wconf 88' lang='lat' dir='ltr'><strong>boe</strong></span> <span class='ocrx_word' id='word_1_415' title='bbox 505 3360 611 3430; x_wconf 91' lang='lat' dir='ltr'><strong>modo</strong></span> <span class='ocrx_word' id='word_1_416' title='bbox 630 3361 787 3432; x_wconf 87' lang='lat' dir='ltr'><strong>breviter</strong></span> <span class='ocrx_word' id='word_1_417' title='bbox 801 3361 994 3433; x_wconf 90' lang='lat' dir='ltr'><strong>indicanda</strong></span> <span class='ocrx_word' id='word_1_418' title='bbox 1010 3387 1078 3456; x_wconf 77' lang='lat' dir='ltr'><strong>pu·</strong></span> <span class='ocrx_word' id='word_1_419' title='bbox 1128 3361 1228 3447; x_wconf 89' lang='lat' dir='ltr'><strong>dam,</strong></span> <span class='ocrx_word' id='word_1_420' title='bbox 1270 3385 1375 3460; x_wconf 80' lang='lat' dir='ltr'><strong>quem</strong></span> <span class='ocrx_word' id='word_1_421' title='bbox 1404 3387 1484 3434; x_wconf 89' lang='lat' dir='ltr'><strong>cum</strong></span> <span class='ocrx_word' id='word_1_422' title='bbox 1507 3367 1613 3439; x_wconf 88' lang='lat' dir='ltr'><strong>bouis</strong></span> <span class='ocrx_word' id='word_1_423' title='bbox 1633 3373 1747 3448; x_wconf 75' lang='lat' dir='ltr'><strong>lacere</strong></span> <span class='ocrx_word' id='word_1_424' title='bbox 1768 3381 1922 3466; x_wconf 84' lang='lat' dir='ltr'><strong>graviter</strong></span> <span class='ocrx_word' id='word_1_425' title='bbox 1942 3385 2117 3474; x_wconf 62' lang='lat' dir='ltr'><strong>lerebanq</strong></span> 
     </span>
     <span class='ocr_line' id='line_1_32' title="bbox 98 3456 2116 3578; baseline 0.018 -55"><span class='ocrx_word' id='word_1_426' title='bbox 98 3456 264 3545; x_wconf 80' lang='lat' dir='ltr'><strong>ravimus,</strong></span> <span class='ocrx_word' id='word_1_427' title='bbox 314 3461 387 3532; x_wconf 80' lang='lat' dir='ltr'><strong>Sed</strong></span> <span class='ocrx_word' id='word_1_428' title='bbox 411 3473 558 3552; x_wconf 89' lang='lat' dir='ltr'><strong>propter</strong></span> <span class='ocrx_word' id='word_1_429' title='bbox 582 3482 831 3556; x_wconf 86' lang='lat' dir='ltr'><strong>paroxysmurn</strong></span> <span class='ocrx_word' id='word_1_430' title='bbox 855 3463 917 3534; x_wconf 90' lang='lat' dir='ltr'><strong>illa</strong></span> <span class='ocrx_word' id='word_1_431' title='bbox 938 3465 1077 3556; x_wconf 86' lang='lat' dir='ltr'><strong>vesperi</strong></span> <span class='ocrx_word' id='word_1_432' title='bbox 1127 3482 1218 3556; x_wconf 88' lang='lat' dir='ltr'><strong>quae</strong></span> <span class='ocrx_word' id='word_1_433' title='bbox 1232 3475 1353 3533; x_wconf 88' lang='lat' dir='ltr'><strong>tamen</strong></span> <span class='ocrx_word' id='word_1_434' title='bbox 1369 3464 1416 3534; x_wconf 90' lang='lat' dir='ltr'><strong>ita</strong></span> <span class='ocrx_word' id='word_1_435' title='bbox 1435 3468 1482 3536; x_wconf 93' lang='lat' dir='ltr'><strong>ab</strong></span> <span class='ocrx_word' id='word_1_436' title='bbox 1505 3467 1579 3539; x_wconf 88' lang='lat' dir='ltr'><strong>illis</strong></span> <span class='ocrx_word' id='word_1_437' title='bbox 1594 3475 1807 3562; x_wconf 80' lang='lat' dir='ltr'><strong>agebantur,</strong></span> <span class='ocrx_word' id='word_1_438' title='bbox 1834 3496 1871 3553; x_wconf 88' lang='lat' dir='ltr'><strong>ut</strong></span> <span class='ocrx_word' id='word_1_439' title='bbox 1896 3484 1970 3555; x_wconf 86' lang='lat' dir='ltr'><strong>risu</strong></span> <span class='ocrx_word' id='word_1_440' title='bbox 1994 3489 2116 3578; x_wconf 82' lang='lat' dir='ltr'><strong>potius</strong></span> 
     </span>
     <span class='ocr_line' id='line_1_33' title="bbox 100 3555 2114 3670; baseline 0.017 -45"><span class='ocrx_word' id='word_1_441' title='bbox 100 3555 194 3628; x_wconf 89' lang='lat' dir='ltr'><strong>cibus</strong></span> <span class='ocrx_word' id='word_1_442' title='bbox 208 3573 266 3632; x_wconf 89' lang='lat' dir='ltr'><strong>aot</strong></span> <span class='ocrx_word' id='word_1_443' title='bbox 281 3573 389 3654; x_wconf 87' lang='lat' dir='ltr'><strong>potus</strong></span> <span class='ocrx_word' id='word_1_444' title='bbox 406 3562 438 3631; x_wconf 90' lang='lat' dir='ltr'><strong>ei</strong></span> <span class='ocrx_word' id='word_1_445' title='bbox 463 3564 547 3631; x_wconf 90' lang='lat' dir='ltr'><strong>dare</strong></span> <span class='ocrx_word' id='word_1_446' title='bbox 567 3585 682 3658; x_wconf 91' lang='lat' dir='ltr'><strong>neque</strong></span> <span class='ocrx_word' id='word_1_447' title='bbox 699 3565 833 3656; x_wconf 87' lang='lat' dir='ltr'><strong>potuit,</strong></span> <span class='ocrx_word' id='word_1_448' title='bbox 859 3589 975 3661; x_wconf 88' lang='lat' dir='ltr'><strong>neque</strong></span> <span class='ocrx_word' id='word_1_449' title='bbox 1000 3567 1076 3660; x_wconf 89' lang='lat' dir='ltr'><strong>ipse</strong></span> <span class='ocrx_word' id='word_1_450' title='bbox 1126 3585 1233 3656; x_wconf 89' lang='lat' dir='ltr'><strong>quam</strong></span> <span class='ocrx_word' id='word_1_451' title='bbox 1258 3565 1382 3634; x_wconf 78' lang='lat' dir='ltr'><strong>dolore</strong></span> <span class='ocrx_word' id='word_1_452' title='bbox 1403 3565 1430 3634; x_wconf 83' lang='grc' dir='ltr'>ἱί</span> <span class='ocrx_word' id='word_1_453' title='bbox 1453 3584 1601 3642; x_wconf 72' lang='lat' dir='ltr'><strong>conatus</strong></span> <span class='ocrx_word' id='word_1_454' title='bbox 1624 3573 1723 3666; x_wconf 74' lang='lat' dir='ltr'><strong>digni</strong></span> <span class='ocrx_word' id='word_1_455' title='bbox 1748 3579 1975 3670; x_wconf 83' lang='lat' dir='ltr'><strong>viderentur,</strong></span> <span class='ocrx_word' id='word_1_456' title='bbox 1999 3601 2034 3658; x_wconf 89' lang='lat' dir='ltr'><strong>ct</strong></span> <span class='ocrx_word' id='word_1_457' title='bbox 2055 3590 2114 3658; x_wconf 87' lang='lat' dir='ltr'><strong>in-</strong></span> 
     </span>
     <span class='ocr_line' id='line_1_34' title="bbox 101 3659 2115 3760; baseline 0.017 -33"><span class='ocrx_word' id='word_1_458' title='bbox 101 3661 266 3750; x_wconf 84' lang='lat' dir='ltr'><strong>expetivit.</strong></span> <span class='ocrx_word' id='word_1_459' title='bbox 317 3659 466 3735; x_wconf 85' lang='lat' dir='ltr'><strong>Noctem</strong></span> <span class='ocrx_word' id='word_1_460' title='bbox 480 3677 596 3736; x_wconf 88' lang='lat' dir='ltr'><strong>antem</strong></span> <span class='ocrx_word' id='word_1_461' title='bbox 613 3679 816 3760; x_wconf 86' lang='lat' dir='ltr'><strong>sequentem</strong></span> <span class='ocrx_word' id='word_1_462' title='bbox 832 3681 953 3754; x_wconf 76' lang='lat' dir='ltr'><strong>totam</strong></span> <span class='ocrx_word' id='word_1_463' title='bbox 977 3683 1019 3742; x_wconf 90' lang='lat' dir='ltr'><strong>ut</strong></span> <span class='ocrx_word' id='word_1_464' title='bbox 1035 3670 1072 3738; x_wconf 88' lang='lat' dir='ltr'><strong>in</strong></span> <span class='ocrx_word' id='word_1_465' title='bbox 1125 3665 1313 3752; x_wconf 79' lang='lat' dir='ltr'><strong>cogitantia</strong></span> <span class='ocrx_word' id='word_1_466' title='bbox 1331 3667 1549 3740; x_wconf 88' lang='lat' dir='ltr'><strong>crudelitatis</strong></span> <span class='ocrx_word' id='word_1_467' title='bbox 1570 3685 1605 3744; x_wconf 87' lang='lat' dir='ltr'><strong>et</strong></span> <span class='ocrx_word' id='word_1_468' title='bbox 1618 3675 1890 3760; x_wconf 87' lang='lat' dir='ltr'><strong>malevolentiae</strong></span> <span class='ocrx_word' id='word_1_469' title='bbox 1911 3686 2010 3758; x_wconf 88' lang='lat' dir='ltr'><strong>illius</strong></span> <span class='ocrx_word' id='word_1_470' title='bbox 2034 3715 2115 3760; x_wconf 85' lang='lat' dir='ltr'><strong>ma·</strong></span> 
     </span>
     <span class='ocr_line' id='line_1_35' title="bbox 99 3759 2115 3881; baseline 0.017 -55"><span class='ocrx_word' id='word_1_471' title='bbox 99 3783 316 3856; x_wconf 78' lang='lat' dir='ltr'><strong>paroxysmo,</strong></span> <span class='ocrx_word' id='word_1_472' title='bbox 342 3759 704 3856; x_wconf 82' lang='lat' dir='ltr'><strong>pergravembabuit,</strong></span> <span class='ocrx_word' id='word_1_473' title='bbox 728 3767 1073 3863; x_wconf 81' lang='lat' dir='ltr'><strong>elinquietam,sub</strong></span> <span class='ocrx_word' id='word_1_474' title='bbox 1124 3764 1250 3837; x_wconf 87' lang='lat' dir='ltr'><strong>nilesta</strong></span> <span class='ocrx_word' id='word_1_475' title='bbox 1275 3768 1373 3840; x_wconf 88' lang='lat' dir='ltr'><strong>fieret</strong></span> <span class='ocrx_word' id='word_1_476' title='bbox 1400 3771 1569 3846; x_wconf 83' lang='lat' dir='ltr'><strong>omnibus</strong></span> <span class='ocrx_word' id='word_1_477' title='bbox 1590 3775 1653 3867; x_wconf 88' lang='lat' dir='ltr'><strong>qui</strong></span> <span class='ocrx_word' id='word_1_478' title='bbox 1677 3781 1856 3857; x_wconf 85' lang='lat' dir='ltr'><strong>audirent.</strong></span> <span class='ocrx_word' id='word_1_479' title='bbox 1906 3785 2029 3881; x_wconf 87' lang='lat' dir='ltr'><strong>ltaque</strong></span> <span class='ocrx_word' id='word_1_480' title='bbox 2054 3811 2115 3862; x_wconf 82' lang='lat' dir='ltr'><strong>res</strong></span> 
     </span>
     <span class='ocr_line' id='line_1_36' title="bbox 103 3860 2112 3962; baseline 0.02 -41"><span class='ocrx_word' id='word_1_481' title='bbox 103 3860 284 3934; x_wconf 74' lang='lat' dir='ltr'><strong>diluculum</strong></span> <span class='ocrx_word' id='word_1_482' title='bbox 300 3879 422 3940; x_wconf 67' lang='lat' dir='ltr'><strong>tamen</strong></span> <span class='ocrx_word' id='word_1_483' title='bbox 438 3865 680 3960; x_wconf 72' lang='lat' dir='ltr'><strong>acquiescens,</strong></span> <span class='ocrx_word' id='word_1_484' title='bbox 706 3870 864 3941; x_wconf 75' lang='lat' dir='ltr'><strong>dormire</strong></span> <span class='ocrx_word' id='word_1_485' title='bbox 882 3871 1012 3962; x_wconf 79' lang='lat' dir='ltr'><strong>caepit,</strong></span> <span class='ocrx_word' id='word_1_486' title='bbox 1039 3887 1073 3944; x_wconf 81' lang='lat' dir='ltr'><strong>et</strong></span> <span class='ocrx_word' id='word_1_487' title='bbox 1124 3879 1196 3938; x_wconf 88' lang='lat' dir='ltr'><strong>tota</strong></span> <span class='ocrx_word' id='word_1_488' title='bbox 1212 3869 1350 3960; x_wconf 88' lang='lat' dir='ltr'><strong>abipso</strong></span> <span class='ocrx_word' id='word_1_489' title='bbox 1365 3869 1470 3941; x_wconf 90' lang='lat' dir='ltr'><strong>etiam</strong></span> <span class='ocrx_word' id='word_1_490' title='bbox 1488 3872 1682 3962; x_wconf 87' lang='lat' dir='ltr'><strong>ridebatur,</strong></span> <span class='ocrx_word' id='word_1_491' title='bbox 1702 3880 1779 3952; x_wconf 84' lang='lat' dir='ltr'><strong>sine</strong></span> <span class='ocrx_word' id='word_1_492' title='bbox 1796 3883 1870 3956; x_wconf 88' lang='lat' dir='ltr'><strong>ulla</strong></span> <span class='ocrx_word' id='word_1_493' title='bbox 1885 3888 1999 3958; x_wconf 85' lang='lat' dir='ltr'><strong>animi</strong></span> <span class='ocrx_word' id='word_1_494' title='bbox 2012 3911 2112 3961; x_wconf 82' lang='lat' dir='ltr'><strong>corn-</strong></span> 
     </span>
     <span class='ocr_line' id='line_1_37' title="bbox 100 3965 2113 4080; baseline 0.017 -51"><span class='ocrx_word' id='word_1_495' title='bbox 100 3983 233 4036; x_wconf 88' lang='lat' dir='ltr'><strong>somnos</strong></span> <span class='ocrx_word' id='word_1_496' title='bbox 246 3969 441 4059; x_wconf 87' lang='lat' dir='ltr'><strong>productos</strong></span> <span class='ocrx_word' id='word_1_497' title='bbox 455 3969 645 4062; x_wconf 80' lang='lat' dir='ltr'><strong>luitusqu&#39;e</strong></span> <span class='ocrx_word' id='word_1_498' title='bbox 659 3970 704 4039; x_wconf 91' lang='lat' dir='ltr'><strong>ad</strong></span> <span class='ocrx_word' id='word_1_499' title='bbox 721 3965 844 4040; x_wconf 73' lang='lat' dir='ltr'><strong>bor-&#39;am</strong></span> <span class='ocrx_word' id='word_1_500' title='bbox 859 3975 1070 4073; x_wconf 77' lang='lat' dir='ltr'><strong>matutinam</strong></span> <span class='ocrx_word' id='word_1_501' title='bbox 1121 3968 1292 4070; x_wconf 83' lang='lat' dir='ltr'><strong>motione.</strong></span> <span class='ocrx_word' id='word_1_502' title='bbox 1343 3969 1413 4042; x_wconf 87' lang='lat' dir='ltr'><strong>Sed</strong></span> <span class='ocrx_word' id='word_1_503' title='bbox 1436 3985 1471 4044; x_wconf 87' lang='lat' dir='ltr'><strong>et</strong></span> <span class='ocrx_word' id='word_1_504' title='bbox 1495 3977 1664 4068; x_wconf 86' lang='lat' dir='ltr'><strong>temporis</strong></span> <span class='ocrx_word' id='word_1_505' title='bbox 1688 3983 1825 4055; x_wconf 87' lang='lat' dir='ltr'><strong>ratione</strong></span> <span class='ocrx_word' id='word_1_506' title='bbox 1847 3987 1896 4060; x_wconf 89' lang='lat' dir='ltr'><strong>ita</strong></span> <span class='ocrx_word' id='word_1_507' title='bbox 1920 3990 2113 4080; x_wconf 81' lang='lat' dir='ltr'><strong>flagitante,</strong></span> 
     </span>
     <span class='ocr_line' id='line_1_38' title="bbox 97 4063 2172 4178; baseline 0.016 -44"><span class='ocrx_word' id='word_1_508' title='bbox 97 4063 409 4162; x_wconf 67' lang='lat' dir='ltr'><strong>retorquentem,</strong></span> <span class='ocrx_word' id='word_1_509' title='bbox 459 4067 542 4160; x_wconf 91' lang='lat' dir='ltr'><strong>Quo</strong></span> <span class='ocrx_word' id='word_1_510' title='bbox 562 4084 723 4163; x_wconf 89' lang='lat' dir='ltr'><strong>tempore</strong></span> <span class='ocrx_word' id='word_1_511' title='bbox 745 4073 816 4142; x_wconf 90' lang='lat' dir='ltr'><strong>diei</strong></span> <span class='ocrx_word' id='word_1_512' title='bbox 838 4073 956 4159; x_wconf 89' lang='lat' dir='ltr'><strong>illios,</strong></span> <span class='ocrx_word' id='word_1_513' title='bbox 981 4097 1071 4170; x_wconf 86' lang='lat' dir='ltr'><strong>quae</strong></span> <span class='ocrx_word' id='word_1_514' title='bbox 1120 4083 1156 4140; x_wconf 88' lang='lat' dir='ltr'><strong>et</strong></span> <span class='ocrx_word' id='word_1_515' title='bbox 1172 4073 1267 4164; x_wconf 90' lang='lat' dir='ltr'><strong>quod</strong></span> <span class='ocrx_word' id='word_1_516' title='bbox 1285 4073 1330 4142; x_wconf 92' lang='lat' dir='ltr'><strong>ad</strong></span> <span class='ocrx_word' id='word_1_517' title='bbox 1343 4071 1453 4144; x_wconf 89' lang='lat' dir='ltr'><strong>altare</strong></span> <span class='ocrx_word' id='word_1_518' title='bbox 1466 4097 1567 4146; x_wconf 89' lang='lat' dir='ltr'><strong>more</strong></span> <span class='ocrx_word' id='word_1_519' title='bbox 1584 4080 1725 4151; x_wconf 83' lang='lat' dir='ltr'><strong>solenni</strong></span> <span class='ocrx_word' id='word_1_520' title='bbox 1739 4108 1868 4159; x_wconf 82' lang='lat' dir='ltr'><strong>munus</strong></span> <span class='ocrx_word' id='word_1_521' title='bbox 1891 4112 1931 4161; x_wconf 87' lang='lat' dir='ltr'><strong>ea</strong></span> <span class='ocrx_word' id='word_1_522' title='bbox 1945 4093 2005 4165; x_wconf 87' lang='lat' dir='ltr'><strong>die</strong></span> <span class='ocrx_word' id='word_1_523' title='bbox 2019 4093 2109 4168; x_wconf 84' lang='lat' dir='ltr'><strong>olle-</strong></span> <span class='ocrx_word' id='word_1_524' title='bbox 2170 4173 2172 4178; x_wconf 10' lang='grc' dir='ltr'>χ</span> 
     </span>
     <span class='ocr_line' id='line_1_39' title="bbox 97 4165 2110 4282; baseline 0.018 -50"><span class='ocrx_word' id='word_1_525' title='bbox 97 4165 158 4236; x_wconf 85' lang='lat' dir='ltr'><strong>fuit</strong></span> <span class='ocrx_word' id='word_1_526' title='bbox 179 4169 311 4242; x_wconf 89' lang='lat' dir='ltr'><strong>decima</strong></span> <span class='ocrx_word' id='word_1_527' title='bbox 336 4183 461 4265; x_wconf 88' lang='lat' dir='ltr'><strong>quarta</strong></span> <span class='ocrx_word' id='word_1_528' title='bbox 477 4171 614 4264; x_wconf 88' lang='lat' dir='ltr'><strong>Aprilis</strong></span> <span class='ocrx_word' id='word_1_529' title='bbox 635 4187 669 4246; x_wconf 93' lang='lat' dir='ltr'><strong>et</strong></span> <span class='ocrx_word' id='word_1_530' title='bbox 693 4169 881 4246; x_wconf 88' lang='lat' dir='ltr'><strong>Paschatos</strong></span> <span class='ocrx_word' id='word_1_531' title='bbox 905 4177 1000 4262; x_wconf 91' lang='lat' dir='ltr'><strong>dies,</strong></span> <span class='ocrx_word' id='word_1_532' title='bbox 1025 4179 1069 4246; x_wconf 88' lang='lat' dir='ltr'><strong>de</strong></span> <span class='ocrx_word' id='word_1_533' title='bbox 1107 4174 1280 4255; x_wconf 59' lang='lat' dir='ltr'><strong>scendum</strong></span> <span class='ocrx_word' id='word_1_534' title='bbox 1294 4188 1382 4245; x_wconf 89' lang='lat' dir='ltr'><strong>esset</strong></span> <span class='ocrx_word' id='word_1_535' title='bbox 1404 4175 1442 4244; x_wconf 92' lang='lat' dir='ltr'><strong>in</strong></span> <span class='ocrx_word' id='word_1_536' title='bbox 1464 4179 1656 4270; x_wconf 86' lang='lat' dir='ltr'><strong>templum,</strong></span> <span class='ocrx_word' id='word_1_537' title='bbox 1682 4185 1838 4259; x_wconf 84' lang='lat' dir='ltr'><strong>abiicere</strong></span> <span class='ocrx_word' id='word_1_538' title='bbox 1849 4195 1996 4282; x_wconf 83' lang='lat' dir='ltr'><strong>caeteri,</strong></span> <span class='ocrx_word' id='word_1_539' title='bbox 2021 4197 2110 4268; x_wconf 86' lang='lat' dir='ltr'><strong>reli-</strong></span> 
     </span>
     <span class='ocr_line' id='line_1_40' title="bbox 97 4265 2109 4372; baseline 0.016 -34"><span class='ocrx_word' id='word_1_540' title='bbox 97 4265 174 4338; x_wconf 86' lang='lat' dir='ltr'><strong>lecto</strong></span> <span class='ocrx_word' id='word_1_541' title='bbox 189 4271 359 4354; x_wconf 87' lang='lat' dir='ltr'><strong>surrexit,</strong></span> <span class='ocrx_word' id='word_1_542' title='bbox 386 4283 420 4343; x_wconf 91' lang='lat' dir='ltr'><strong>et</strong></span> <span class='ocrx_word' id='word_1_543' title='bbox 435 4273 638 4368; x_wconf 85' lang='lat' dir='ltr'><strong>quanquam</strong></span> <span class='ocrx_word' id='word_1_544' title='bbox 656 4276 748 4344; x_wconf 88' lang='lat' dir='ltr'><strong>vires</strong></span> <span class='ocrx_word' id='word_1_545' title='bbox 763 4278 813 4346; x_wconf 89' lang='lat' dir='ltr'><strong>ita</strong></span> <span class='ocrx_word' id='word_1_546' title='bbox 828 4293 928 4348; x_wconf 92' lang='lat' dir='ltr'><strong>crant</strong></span> <span class='ocrx_word' id='word_1_547' title='bbox 955 4279 1068 4349; x_wconf 90' lang='lat' dir='ltr'><strong>imbe-</strong></span> <span class='ocrx_word' id='word_1_548' title='bbox 1120 4287 1176 4343; x_wconf 83' lang='lat' dir='ltr'><strong>eto</strong></span> <span class='ocrx_word' id='word_1_549' title='bbox 1216 4275 1310 4366; x_wconf 91' lang='lat' dir='ltr'><strong>apud</strong></span> <span class='ocrx_word' id='word_1_550' title='bbox 1358 4291 1620 4370; x_wconf 86' lang='lat' dir='ltr'><strong>praeceptorem</strong></span> <span class='ocrx_word' id='word_1_551' title='bbox 1669 4281 1851 4362; x_wconf 88' lang='lat' dir='ltr'><strong>Ioachimo</strong></span> <span class='ocrx_word' id='word_1_552' title='bbox 1892 4291 2109 4372; x_wconf 85' lang='lat' dir='ltr'><strong>Camerario.</strong></span> 
     </span>
     <span class='ocr_line' id='line_1_41' title="bbox 97 4369 2110 4491; baseline 0.016 -53"><span class='ocrx_word' id='word_1_553' title='bbox 97 4370 201 4454; x_wconf 79' lang='lat' dir='ltr'><strong>dllae,</strong></span> <span class='ocrx_word' id='word_1_554' title='bbox 227 4387 268 4446; x_wconf 89' lang='lat' dir='ltr'><strong>ut</strong></span> <span class='ocrx_word' id='word_1_555' title='bbox 288 4373 348 4444; x_wconf 86' lang='lat' dir='ltr'><strong>vix</strong></span> <span class='ocrx_word' id='word_1_556' title='bbox 370 4375 510 4464; x_wconf 81' lang='lat' dir='ltr'><strong>ingredi</strong></span> <span class='ocrx_word' id='word_1_557' title='bbox 530 4399 632 4468; x_wconf 90' lang='lat' dir='ltr'><strong>posse</strong></span> <span class='ocrx_word' id='word_1_558' title='bbox 651 4377 850 4465; x_wconf 87' lang='lat' dir='ltr'><strong>videretur,</strong></span> <span class='ocrx_word' id='word_1_559' title='bbox 874 4393 994 4452; x_wconf 90' lang='lat' dir='ltr'><strong>tamen</strong></span> <span class='ocrx_word' id='word_1_560' title='bbox 1022 4384 1067 4451; x_wconf 90' lang='lat' dir='ltr'><strong>ad</strong></span> <span class='ocrx_word' id='word_1_561' title='bbox 1119 4369 1258 4446; x_wconf 84' lang='lat' dir='ltr'><strong>Interea</strong></span> <span class='ocrx_word' id='word_1_562' title='bbox 1282 4373 1364 4448; x_wconf 93' lang='lat' dir='ltr'><strong>illae</strong></span> <span class='ocrx_word' id='word_1_563' title='bbox 1387 4376 1681 4474; x_wconf 80' lang='lat' dir='ltr'><strong>Pomerauicaea</strong></span> <span class='ocrx_word' id='word_1_564' title='bbox 1704 4383 1875 4486; x_wconf 81' lang='lat' dir='ltr'><strong>Philippo</strong></span> <span class='ocrx_word' id='word_1_565' title='bbox 1897 4398 2110 4491; x_wconf 80' lang='lat' dir='ltr'><strong>scriptiones</strong></span> 
     </span>
     <span class='ocr_line' id='line_1_42' title="bbox 93 4469 1896 4574; baseline 0.009 -35"><span class='ocrx_word' id='word_1_566' title='bbox 93 4469 267 4544; x_wconf 88' lang='lat' dir='ltr'><strong>lectionem</strong></span> <span class='ocrx_word' id='word_1_567' title='bbox 283 4476 463 4566; x_wconf 87' lang='lat' dir='ltr'><strong>publicam</strong></span> <span class='ocrx_word' id='word_1_568' title='bbox 480 4479 691 4550; x_wconf 87' lang='lat' dir='ltr'><strong>descendere</strong></span> <span class='ocrx_word' id='word_1_569' title='bbox 705 4479 865 4561; x_wconf 85' lang='lat' dir='ltr'><strong>volebat,</strong></span> <span class='ocrx_word' id='word_1_570' title='bbox 891 4505 960 4574; x_wconf 88' lang='lat' dir='ltr'><strong>qua</strong></span> <span class='ocrx_word' id='word_1_571' title='bbox 977 4475 1066 4552; x_wconf 89' lang='lat' dir='ltr'><strong>hora</strong></span> <span class='ocrx_word' id='word_1_572' title='bbox 1118 4477 1289 4568; x_wconf 84' lang='lat' dir='ltr'><strong>perlectae</strong></span> <span class='ocrx_word' id='word_1_573' title='bbox 1305 4479 1422 4566; x_wconf 83' lang='lat' dir='ltr'><strong>luere,</strong></span> <span class='ocrx_word' id='word_1_574' title='bbox 1447 4495 1481 4552; x_wconf 92' lang='lat' dir='ltr'><strong>et</strong></span> <span class='ocrx_word' id='word_1_575' title='bbox 1497 4484 1703 4559; x_wconf 87' lang='lat' dir='ltr'><strong>tabellarius</strong></span> <span class='ocrx_word' id='word_1_576' title='bbox 1718 4491 1896 4568; x_wconf 69' lang='lat' dir='ltr'><strong>dimissus,</strong></span> 
     </span>
     <span class='ocr_line' id='line_1_43' title="bbox 91 4571 1067 4674; baseline 0.012 -33"><span class='ocrx_word' id='word_1_577' title='bbox 91 4589 173 4646; x_wconf 82' lang='lat' dir='ltr'><strong>sexta</strong></span> <span class='ocrx_word' id='word_1_578' title='bbox 186 4571 370 4649; x_wconf 81' lang='lat' dir='ltr'><strong>historiam</strong></span> <span class='ocrx_word' id='word_1_579' title='bbox 384 4573 657 4668; x_wconf 67' lang='lat' dir='ltr'><strong>Evangeticam</strong></span> <span class='ocrx_word' id='word_1_580' title='bbox 683 4605 774 4674; x_wconf 90' lang='lat' dir='ltr'><strong>quae</strong></span> <span class='ocrx_word' id='word_1_581' title='bbox 795 4604 835 4650; x_wconf 92' lang='lat' dir='ltr'><strong>eo</strong></span> <span class='ocrx_word' id='word_1_582' title='bbox 851 4583 909 4652; x_wconf 86' lang='lat' dir='ltr'><strong>die</strong></span> <span class='ocrx_word' id='word_1_583' title='bbox 924 4583 963 4652; x_wconf 90' lang='lat' dir='ltr'><strong>in</strong></span> <span class='ocrx_word' id='word_1_584' title='bbox 980 4607 1067 4653; x_wconf 88' lang='lat' dir='ltr'><strong>eou-</strong></span> 
     </span>
    </p>
   </div>
   <div class='ocr_carea' id='block_1_4' title="bbox 88 4676 2184 4872">
    <p class='ocr_par' dir='ltr' id='par_1_4' title="bbox 88 4676 2184 4872">
     <span class='ocr_line' id='line_1_44' title="bbox 90 4676 2184 4840; baseline 0.006 -96"><span class='ocrx_word' id='word_1_585' title='bbox 90 4676 242 4796; x_wconf 77' lang='lat' dir='ltr'><strong>tionibus</strong></span> <span class='ocrx_word' id='word_1_586' title='bbox 259 4680 368 4748; x_wconf 87' lang='lat' dir='ltr'><strong>saeris</strong></span> <span class='ocrx_word' id='word_1_587' title='bbox 382 4681 614 4800; x_wconf 77' lang='lat' dir='ltr'><strong>proponitur,</strong></span> <span class='ocrx_word' id='word_1_588' title='bbox 636 4677 852 4804; x_wconf 68' lang='lat' dir='ltr'><strong>scholasticis</strong></span> <span class='ocrx_word' id='word_1_589' title='bbox 866 4685 1065 4774; x_wconf 85' lang='lat' dir='ltr'><strong>explicaret,</strong></span> <span class='ocrx_word' id='word_1_590' title='bbox 1116 4743 1224 4814; x_wconf 52' lang='lat' dir='ltr'>disset</span> <span class='ocrx_word' id='word_1_591' title='bbox 1265 4745 1456 4816; x_wconf 48' lang='lat' dir='ltr'>amiam</span> <span class='ocrx_word' id='word_1_592' title='bbox 1473 4773 1615 4822; x_wconf 57' lang='lat' dir='ltr'>mensae</span> <span class='ocrx_word' id='word_1_593' title='bbox 1637 4759 1865 4834; x_wconf 43' lang='lat' dir='ltr'><strong>accubuisset,</strong></span> <span class='ocrx_word' id='word_1_594' title='bbox 1898 4768 2030 4840; x_wconf 43' lang='lat' dir='ltr'>nomin</span> <span class='ocrx_word' id='word_1_595' title='bbox 2091 4777 2103 4796; x_wconf 36' lang='grc' dir='ltr'>ι</span> <span class='ocrx_word' id='word_1_596' title='bbox 2180 4788 2184 4798; x_wconf 73' lang='lat'><strong>,</strong></span> 
     </span>
     <span class='ocr_line' id='line_1_45' title="bbox 88 4781 2103 4872; baseline 0.005 -26"><span class='ocrx_word' id='word_1_597' title='bbox 88 4781 143 4847; x_wconf 87' lang='lat' dir='ltr'><strong>sed</strong></span> <span class='ocrx_word' id='word_1_598' title='bbox 163 4783 330 4872; x_wconf 75' lang='lat' dir='ltr'><strong>impedita</strong></span> <span class='ocrx_word' id='word_1_599' title='bbox 355 4803 411 4851; x_wconf 85' lang='lat' dir='ltr'><strong>res</strong></span> <span class='ocrx_word' id='word_1_600' title='bbox 432 4781 520 4868; x_wconf 82' lang='lat' dir='ltr'><strong>lust,</strong></span> <span class='ocrx_word' id='word_1_601' title='bbox 546 4797 580 4854; x_wconf 91' lang='lat' dir='ltr'><strong>et</strong></span> <span class='ocrx_word' id='word_1_602' title='bbox 605 4785 648 4853; x_wconf 89' lang='lat' dir='ltr'><strong>ad</strong></span> <span class='ocrx_word' id='word_1_603' title='bbox 673 4785 843 4856; x_wconf 74' lang='lat' dir='ltr'><strong>auditoru</strong></span> <span class='ocrx_word' id='word_1_604' title='bbox 857 4787 951 4856; x_wconf 89' lang='lat' dir='ltr'><strong>sores</strong></span> <span class='ocrx_word' id='word_1_605' title='bbox 967 4811 1064 4858; x_wconf 91' lang='lat' dir='ltr'><strong>nun·</strong></span> <span class='ocrx_word' id='word_1_606' title='bbox 1233 4797 1243 4830; x_wconf 86' lang='lat'>’</span> <span class='ocrx_word' id='word_1_607' title='bbox 1820 4838 1823 4844; x_wconf 77' lang='lat'><strong>,</strong></span> <span class='ocrx_word' id='word_1_608' title='bbox 1863 4817 1875 4849; x_wconf 73' lang='lat' dir='ltr'><strong>a</strong></span> <span class='ocrx_word' id='word_1_609' title='bbox 2031 4795 2103 4848; x_wconf 65' lang='grc' dir='ltr'><strong>ὅθ’</strong></span> 
     </span>
    </p>
   </div>
   <div class='ocr_carea' id='block_1_5' title="bbox 81 4846 2103 5084">
    <p class='ocr_par' dir='ltr' id='par_1_5' title="bbox 81 4846 2103 5084">
     <span class='ocr_line' id='line_1_46' title="bbox 85 4846 2103 5001; baseline 0.007 -52"><span class='ocrx_word' id='word_1_610' title='bbox 85 4880 209 4950; x_wconf 88' lang='lat' dir='ltr'><strong>ciatum</strong></span> <span class='ocrx_word' id='word_1_611' title='bbox 230 4882 275 4957; x_wconf 92' lang='lat' dir='ltr'><strong>D.</strong></span> <span class='ocrx_word' id='word_1_612' title='bbox 289 4879 498 4975; x_wconf 87' lang='lat' dir='ltr'><strong>Philippum</strong></span> <span class='ocrx_word' id='word_1_613' title='bbox 526 4907 600 4954; x_wconf 92' lang='lat' dir='ltr'><strong>non</strong></span> <span class='ocrx_word' id='word_1_614' title='bbox 624 4907 697 4954; x_wconf 81' lang='lat' dir='ltr'><strong>esse</strong></span> <span class='ocrx_word' id='word_1_615' title='bbox 716 4885 911 4973; x_wconf 90' lang='lat' dir='ltr'><strong>lecturum,</strong></span> <span class='ocrx_word' id='word_1_616' title='bbox 935 4888 983 4959; x_wconf 90' lang='lat' dir='ltr'><strong>ita</strong></span> <span class='ocrx_word' id='word_1_617' title='bbox 999 4913 1064 4960; x_wconf 91' lang='lat' dir='ltr'><strong>au·</strong></span> <span class='ocrx_word' id='word_1_618' title='bbox 1115 4846 1260 4916; x_wconf 61' lang='lat' dir='ltr'><strong>m⁰¹⁸³¹³</strong></span> <span class='ocrx_word' id='word_1_619' title='bbox 1281 4849 1398 4932; x_wconf 40' lang='grc' dir='ltr'><strong>Μὴ</strong></span> <span class='ocrx_word' id='word_1_620' title='bbox 1420 4863 1461 4970; x_wconf 52' lang='lat'><strong>¹¹}</strong></span> <span class='ocrx_word' id='word_1_621' title='bbox 1484 4855 1644 4972; x_wconf 56' lang='lat' dir='ltr'><strong>⁸²ff²dff¹⁰</strong></span> <span class='ocrx_word' id='word_1_622' title='bbox 1665 4881 1804 4932; x_wconf 56' lang='lat' dir='ltr'>”ecem</span> <span class='ocrx_word' id='word_1_623' title='bbox 1831 4859 1996 4955; x_wconf 55' lang='lat' dir='ltr'><strong>habenis</strong></span> <span class='ocrx_word' id='word_1_624' title='bbox 2019 4899 2103 5001; x_wconf 58' lang='lat'>¹¹¹⁰}</span> 
     </span>
     <span class='ocr_line' id='line_1_47' title="bbox 81 4953 2102 5084; baseline 0.002 -32"><span class='ocrx_word' id='word_1_625' title='bbox 81 4983 209 5052; x_wconf 87' lang='lat' dir='ltr'><strong>ditores</strong></span> <span class='ocrx_word' id='word_1_626' title='bbox 226 4973 536 5067; x_wconf 79' lang='lat' dir='ltr'><strong>consurrexerunt,</strong></span> <span class='ocrx_word' id='word_1_627' title='bbox 563 4986 625 5079; x_wconf 93' lang='lat' dir='ltr'><strong>qui</strong></span> <span class='ocrx_word' id='word_1_628' title='bbox 641 5001 880 5059; x_wconf 83' lang='lat' dir='ltr'><strong>convenerant</strong></span> <span class='ocrx_word' id='word_1_629' title='bbox 895 4990 1063 5084; x_wconf 76' lang='lat' dir='ltr'><strong>frequen·</strong></span> <span class='ocrx_word' id='word_1_630' title='bbox 1114 4969 1295 5032; x_wconf 54' lang='lat' dir='ltr'><strong>&#39;emm’</strong></span> <span class='ocrx_word' id='word_1_631' title='bbox 1320 4963 1473 5037; x_wconf 50' lang='lat' dir='ltr'><strong>gumi</strong></span> <span class='ocrx_word' id='word_1_632' title='bbox 1493 4953 1627 5048; x_wconf 71' lang='lat' dir='ltr'>³¹¹q¹¹¹d</span> <span class='ocrx_word' id='word_1_633' title='bbox 1651 4959 1696 5028; x_wconf 60' lang='lat' dir='ltr'><strong>de</strong></span> <span class='ocrx_word' id='word_1_634' title='bbox 1718 4963 1831 5051; x_wconf 50' lang='grc' dir='ltr'><strong>μηθ’</strong></span> <span class='ocrx_word' id='word_1_635' title='bbox 1855 4987 1961 5059; x_wconf 57' lang='grc' dir='ltr'><strong>ΨΜ</strong></span> <span class='ocrx_word' id='word_1_636' title='bbox 1986 4993 2102 5050; x_wconf 65' lang='lat' dir='ltr'><strong>‘mira</strong></span> 
     </span>
    </p>
   </div>
   <div class='ocr_carea' id='block_1_6' title="bbox 78 5041 2100 5260">
    <p class='ocr_par' dir='ltr' id='par_1_6' title="bbox 78 5041 2100 5260">
     <span class='ocr_line' id='line_1_48' title="bbox 78 5041 2100 5260; baseline 0.031 -104"><span class='ocrx_word' id='word_1_637' title='bbox 78 5085 214 5160; x_wconf 86' lang='lat' dir='ltr'><strong>tissimi.</strong></span> <span class='ocrx_word' id='word_1_638' title='bbox 273 5083 349 5157; x_wconf 89' lang='lat' dir='ltr'><strong>lam</strong></span> <span class='ocrx_word' id='word_1_639' title='bbox 385 5087 448 5158; x_wconf 88' lang='lat' dir='ltr'><strong>ille</strong></span> <span class='ocrx_word' id='word_1_640' title='bbox 479 5101 611 5160; x_wconf 86' lang='lat' dir='ltr'><strong>vestem</strong></span> <span class='ocrx_word' id='word_1_641' title='bbox 639 5104 830 5230; x_wconf 82' lang='lat' dir='ltr'><strong>sumserat,</strong></span> <span class='ocrx_word' id='word_1_642' title='bbox 868 5091 999 5164; x_wconf 77' lang='lat' dir='ltr'><strong>frustra</strong></span> <span class='ocrx_word' id='word_1_643' title='bbox 1029 5107 1063 5166; x_wconf 86' lang='lat' dir='ltr'><strong>et</strong></span> <span class='ocrx_word' id='word_1_644' title='bbox 1113 5041 1277 5220; x_wconf 42' lang='lat'><strong>&amp;23:33</strong></span> <span class='ocrx_word' id='word_1_645' title='bbox 1291 5051 1745 5250; x_wconf 47' lang='lat' dir='ltr'><strong>zssstglljffingffiaffl</strong></span> <span class='ocrx_word' id='word_1_646' title='bbox 1760 5080 1843 5238; x_wconf 47' lang='lat' dir='ltr'><strong>iffi</strong></span> <span class='ocrx_word' id='word_1_647' title='bbox 1857 5071 2100 5260; x_wconf 53' lang='grc' dir='ltr'><strong>ἓέιίιῐᾝὸἑίῗ</strong></span> 
     </span>
    </p>
   </div>
   <div class='ocr_carea' id='block_1_7' title="bbox 1203 4617 2106 4744">
    <p class='ocr_par' dir='ltr' id='par_1_7' title="bbox 1203 4617 2106 4744">
     <span class='ocr_line' id='line_1_49' title="bbox 1203 4617 2106 4744; baseline 0.035 -33"><span class='ocrx_word' id='word_1_648' title='bbox 1203 4639 1343 4716; x_wconf 71' lang='lat' dir='ltr'><strong>,Postea</strong></span> <span class='ocrx_word' id='word_1_649' title='bbox 1360 4646 1502 4736; x_wconf 90' lang='lat' dir='ltr'><strong>prandii</strong></span> <span class='ocrx_word' id='word_1_650' title='bbox 1518 4659 1694 4744; x_wconf 85' lang='lat' dir='ltr'><strong>tempore,</strong></span> <span class='ocrx_word' id='word_1_651' title='bbox 1718 4663 1857 4730; x_wconf 89' lang='lat' dir='ltr'><strong>eumad</strong></span> <span class='ocrx_word' id='word_1_652' title='bbox 1875 4617 1942 4733; x_wconf 83' lang='lat' dir='ltr'><strong>boc</strong></span> <span class='ocrx_word' id='word_1_653' title='bbox 1957 4665 2106 4742; x_wconf 84' lang='lat' dir='ltr'><strong>descen-</strong></span> 
     </span>
    </p>
   </div>
   <div class='ocr_carea' id='block_1_8' title="bbox 75 5305 272 5321">
    <p class='ocr_par' dir='ltr' id='par_1_8' title="bbox 75 5305 272 5321">
     <span class='ocr_line' id='line_1_50' title="bbox 75 5305 272 5321; baseline 0.015 -4"><span class='ocrx_word' id='word_1_654' title='bbox 75 5305 272 5321; x_wconf 48' lang='lat' dir='ltr'><strong>——Q</strong></span> 
     </span>
    </p>
   </div>
   <div class='ocr_carea' id='block_1_9' title="bbox 105 5375 1746 5492">
    <p class='ocr_par' dir='ltr' id='par_1_9' title="bbox 105 5375 1746 5492">
     <span class='ocr_line' id='line_1_51' title="bbox 105 5375 1746 5492; baseline 0.017 -33"><span class='ocrx_word' id='word_1_655' title='bbox 105 5410 138 5476; x_wconf 73' lang='lat' dir='ltr'><strong>a)</strong></span> <span class='ocrx_word' id='word_1_656' title='bbox 157 5407 251 5463; x_wconf 62' lang='lat' dir='ltr'><strong>nae.</strong></span> <span class='ocrx_word' id='word_1_657' title='bbox 268 5407 496 5473; x_wconf 58' lang='lat' dir='ltr'><strong>manem.</strong></span> <span class='ocrx_word' id='word_1_658' title='bbox 573 5421 574 5425; x_wconf 13' lang='grc' dir='ltr'><strong><em>κ</em></strong></span> <span class='ocrx_word' id='word_1_659' title='bbox 1072 5375 1076 5385; x_wconf 39' lang='lat'><strong><em>¹</em></strong></span> <span class='ocrx_word' id='word_1_660' title='bbox 1127 5415 1178 5486; x_wconf 79' lang='lat' dir='ltr'><strong>s)</strong></span> <span class='ocrx_word' id='word_1_661' title='bbox 1196 5419 1553 5490; x_wconf 63' lang='lat' dir='ltr'><strong>emmerammenses.</strong></span> <span class='ocrx_word' id='word_1_662' title='bbox 1569 5425 1594 5483; x_wconf 84' lang='lat' dir='ltr'><strong>a.</strong></span> <span class='ocrx_word' id='word_1_663' title='bbox 1611 5427 1746 5492; x_wconf 70' lang='lat' dir='ltr'><strong>mussa</strong></span> 
     </span>
    </p>
   </div>
   <div class='ocr_carea' id='block_1_10' title="bbox 0 0 2438 5990">
    <p class='ocr_par' dir='ltr' id='par_1_10' title="bbox 0 0 2438 5990">
     <span class='ocr_line' id='line_1_52' title="bbox 0 0 2438 5990; baseline 0 1"><span class='ocrx_word' id='word_1_664' title='bbox 0 0 2438 5990; x_wconf 95' lang='lat' dir='ltr'><strong> </strong></span> 
     </span>
    </p>
   </div>
  </div>
 </body>
</html>
