4906 5986
299 263 350 340 rs
473 225 1343 344 mrsroaaamrmrcmrm
1373 248 1448 330 ΕΤ
1481 251 1886 334 scntnronnn
1935 251 2167 338 ttaxtv.
2287 256 2337 330 rs

301 423 423 526 accepi
439 427 566 500 amis'so
584 427 647 499 tali
661 425 795 505 amico,
821 422 883 517 qui
899 443 960 491 sua
976 420 1161 492 autoritate
1178 419 1293 490 studia
1345 421 1617 507 turonorum,
1643 422 1672 492 si
1689 423 1855 512 colligere
1867 424 1994 506 velim,
2016 448 2107 519 quae
2121 397 2333 516 philosophi

298 557 467 628 measque
493 533 656 602 fortunas
683 551 806 600 omues
838 525 993 613 regebat.
1062 521 1185 616 ltaque
1219 524 1294 593 eius
1345 525 1388 590 ad
1408 523 1600 594 levandum
1620 525 1757 594 luctum
1775 525 2009 615 scripserunt,
2035 529 2094 596 sed
2113 505 2336 594 nollissatis-

299 650 453 712 mortem
477 657 551 704 non
575 633 680 702 aliter
701 623 792 698 mihi
815 649 854 696 ac
875 626 985 716 patris
1010 625 1081 694 mei
1104 625 1294 714 lugendam
1345 625 1460 694 facere
1486 627 1622 696 debent
1645 649 1702 711 ca,
1729 650 1820 718 quae
1841 627 2016 698 divinitus
2039 629 2168 698 tradita
2194 629 2240 697 de
2268 626 2337 696 im-

299 761 378 810 esee
395 740 509 820 duco,
534 733 671 828 tibique
687 730 790 800 facile
807 729 965 818 ignosco,
989 749 1096 819 quern
1112 727 1220 796 audio
1236 748 1297 794 or-
1346 728 1562 798 mortalitate
1589 743 1623 798 et
1639 730 1816 798 bonorum
1834 730 2001 819 praemiis
2018 743 2190 802 tenemus.
2241 725 2338 819 Opi-

300 843 426 912 batum
456 851 555 930 patre
585 833 765 904 carissimo
795 853 924 919 magno
952 829 991 898 in
1022 851 1184 898 moerore
1209 850 1297 898 esse.
1346 829 1582 900 norteetiam
1602 831 1772 920 patrituo
1794 843 1931 920 gratum
1951 833 2147 910 iacturum,
2172 827 2340 900 sidolori
2398 883 2404 898 .

301 941 353 1016 Et
374 939 507 1012 accedit
530 939 573 1008 ed
590 959 707 1005 meum
725 933 886 1003 dolorem
902 931 1013 1014 illud,
1039 932 1133 1023 quod
1155 943 1189 1000 te
1207 953 1297 1021 quo-
1346 953 1544 1023 repugnes,¹
1561 932 1622 1022 qui
1640 933 1891 1023 proseetnnon
1908 934 1999 1018 vult,
2022 945 2056 1004 te
2071 955 2233 1007 moerore
2250 956 2338 1002 oon-

302 1043 433 1140 quein
459 1052 559 1110 tanto
584 1038 748 1131 squalore
778 1047 814 1104 et
836 1035 940 1104 luctu
966 1032 1100 1102 versari
1124 1031 1298 1120 intelligo,
1345 1032 1416 1104 fici.
1470 1030 1595 1121 Quid?
1620 1035 1715 1125 quod
1740 1049 1780 1104 ea
1802 1035 2023 1125 perturbatio
2039 1033 2258 1126 reipublicae
2274 1049 2340 1120 est,

305 1145 410 1218 cuius
425 1143 567 1212 fortuna
583 1163 656 1210 non
674 1161 773 1210 secus
788 1159 828 1206 ac
842 1158 919 1204 mea
933 1134 1079 1206 afficior.
1131 1131 1165 1204 T
1167 1157 1185 1202 e
1201 1134 1295 1202 enim
1348 1147 1386 1204 ut
1403 1135 1496 1208 beati
1519 1134 1661 1207 dicendi
1685 1135 1776 1221 sint,
1799 1135 2005 1230 quicunque
2028 1159 2070 1206 ex
2092 1131 2149 1206 lais
2172 1136 2340 1208 tumulti·

297 1260 451 1342 ¹propter
479 1241 777 1340 benevolentiam
800 1237 911 1328 patris
942 1236 995 1307 tui
1016 1257 1096 1324 erga
1120 1258 1177 1304 me
1199 1257 1298 1305 suru-
1347 1237 1414 1306 bus
1429 1236 1649 1328 eripiuntur,
1672 1238 1769 1331 quod
1787 1237 1885 1310 velut
1900 1263 1942 1307 ex
1965 1237 2178 1308 saevissimis
2203 1247 2340 1330 tempe-

303 1372 401 1420 mam
417 1357 452 1416 et
471 1357 616 1435 propter
631 1336 765 1434 trram¹)
783 1340 949 1410 virtutem
967 1361 1040 1408 uon
1056 1359 1155 1406 secus
1170 1361 1210 1406 ac
1225 1337 1298 1406 ira-
1346 1338 1496 1408 statibus
1523 1340 1560 1408 iu
1585 1351 1727 1428 portum
1754 1339 1885 1410 artferri
1911 1329 2110 1412 videantur.
2162 1337 2283 1427 Quare
2304 1353 2341 1410 te

305 1467 496 1524 tremamo.
521 1444 592 1518 Sed
603 1459 720 1516 tamen
730 1437 1297 1536 quiainiisstudiisamboversati
1333 1434 1539 1524 adhortor,
1564 1452 1604 1508 nt
1620 1463 1748 1530 magno
1771 1440 1892 1512 animo
1918 1442 1984 1528 sis,
2009 1425 2058 1514 et⁸
2068 1441 2206 1522 dolori,
2227 1460 2340 1533 quem

297 1575 448 1635 suiuus,
478 1547 630 1640 quaein
656 1543 820 1616 secundis
847 1543 953 1612 rebus
985 1555 1197 1612 ornamento
1224 1563 1297 1608 esse
1347 1566 1388 1611 ex
1406 1555 1521 1614 morte
1539 1541 1649 1632 patris
1665 1542 1877 1630 concepisti,
1903 1567 2095 1634 repugnes,
2120 1549 2249 1616 comet
2265 1543 2341 1614 Dei

307 1655 457 1735 debent,
471 1649 522 1718 in
536 1647 692 1719 adversis
707 1645 850 1716 solatio:
877 1667 952 1717 non
968 1643 1124 1714 alienum
1141 1665 1214 1732 esse
1230 1663 1298 1731 pu·
1347 1643 1523 1712 voluntati
1541 1647 1738 1734 parendum
1755 1644 1821 1724 sit,
1849 1659 1976 1715 etcum
1994 1658 2093 1736 patre
2106 1645 2198 1714 bene
2218 1661 2340 1714 artum

295 1755 381 1826 -tari
397 1750 466 1824 hoc
482 1753 558 1843 ipso
576 1763 753 1841 tempore,
774 1771 794 1818 a
814 1746 927 1818 literis
949 1745 1146 1816 remedium
1170 1756 1298 1834 petere,
1348 1767 1422 1816 esse
1444 1746 1558 1816 multa
1583 1737 1656 1818 sint
1676 1747 1798 1834 signa..
1848 1745 2033 1818 Postremo
2054 1769 2134 1818 eum
2161 1747 2341 1819 amicitiae

295 1879 399 1954 -quss
413 1876 477 1944 ego
496 1854 576 1946 plus
592 1853 687 1944 apud
703 1865 737 1920 te
751 1849 870 1920 valere
895 1847 988 1931 seio,
1009 1847 1093 1940 quia
1116 1858 1150 1916 te
1171 1857 1297 1914 natura
1348 1859 1491 1916 nostrae
1514 1859 1613 1937 pater
1634 1861 1740 1918 autor
1763 1849 1890 1932 fuerit,
1917 1873 2027 1941 eaque
2051 1848 2145 1918 inter
2166 1871 2232 1918 nos
2256 1874 2342 1920 coa·

308 1959 393 2030 lorti
427 1971 461 2026 et
485 1955 620 2024 excelso
649 1952 770 2022 animo
797 1948 995 2041 praeditum
1033 1969 1108 2016 esse
1136 1945 1297 2035 cognovi.
1347 1947 1458 2018 luerit
1479 1949 1587 2036 longo
1604 1947 1674 2018 iam
1692 1963 1869 2040 ternpore,
1893 1950 1998 2020 etiam
2017 1949 2184 2030 societate
2200 1953 2341 2022 studiu-

296 2059 387 2135 Etsi
409 2057 504 2128 euim
529 2069 626 2128 tauta
651 2054 705 2122 vis
724 2066 776 2122 est
796 2051 927 2121 amoris
949 2063 983 2121 et
1007 2052 1166 2146 στοργῆς
1177 2048 1296 2125 illius,
1347 2047 1429 2118 cum
1446 2050 1671 2135 confirmata,
1698 2073 1914 2142 magnopere
1937 2067 2080 2134 teoto,
2111 2057 2158 2120 ne
2180 2075 2341 2148 unquam
2393 2109 2396 2118 .

271 2185 275 2192 ·
297 2185 415 2258 quam
431 2172 556 2230 natura
569 2157 674 2228 nobis
691 2154 840 2233 indidit,
867 2166 907 2227 ut
923 2168 997 2222 non
1012 2151 1133 2220 dolere
1147 2163 1296 2220 mortem
1336 2152 1508 2224 'animum
1525 2165 1627 2224 tuum
1643 2175 1661 2222 a
1679 2177 1735 2222 ,ηρ
1751 2151 1947 2224 abalienari
1963 2154 2070 2231 ,im
2124 2150 2225 2229 vale·

309 2263 420 2358 patris
432 2261 547 2329 scelus
562 2259 666 2328 etiam
682 2269 790 2340 esset,
813 2267 932 2326 tamen
950 2268 988 2326 ut
1005 2253 1144 2324 ratione
1162 2252 1296 2320 luctum
1388 2291 1391 2296 ,
1414 2265 1417 2274 ·
2088 2229 2130 2341 Ρ
2157 2267 2209 2339 Μ

311 2380 346 2437 et
376 2361 588 2434 moestitiam
619 2360 865 2440 moderemur,
907 2353 1100 2426 doctissimi
1135 2349 1297 2422 homines
2001 2351 2012 2364 ·’

309 2487 439 2557 magna
470 2462 658 2532 autoritate
681 2460 916 2552 praecipiunt.
977 2451 1054 2528 Etsi
1078 2455 1173 2523 enim
1191 2452 1298 2523 avelli
1354 2488 1509 2504 ---·

311 2596 332 2642 s
357 2566 463 2637 nobis
485 2588 562 2642 eos,
594 2586 684 2657 quos
709 2557 932 2631 charissimos
955 2553 1144 2642 habemus,
1179 2555 1297 2641 lugere

311 2671 439 2742 merito
462 2667 648 2746 debemus,
680 2673 797 2734 tamen
821 2663 921 2731 decet
943 2681 1008 2729 uos
1030 2657 1196 2750 colligere
1219 2655 1297 2748 illas
1348 2631 1545 2709 N⁰·7068·
1869 2693 1894 2714 ,.
1939 2626 1943 2636 ⁴
2187 2671 2239 2687 -

312 2773 418 2844 etiarn
444 2790 584 2846 causas,
619 2790 710 2860 quae
736 2765 905 2834 minuunt
926 2761 1074 2856 luctum.
1141 2757 1214 2828 Nec
1236 2757 1316 2828 itta,
1354 2729 1528 2759 Μ
1889 2763 1891 2768 ’
2169 2725 2343 2756 '⁸‘

311 2887 450 2946 tantum
468 2894 533 2940 nos
546 2867 700 2958 erigant,
726 2891 815 2960 quae
831 2878 975 2935 movent
992 2863 1176 2946 indoctos,
1201 2860 1312 2952 quod¹
1771 2801 1826 2890 Ν·
1859 2801 1913 2888 Ν·
2330 2923 2333 2930 ¹

296 2977 382 3064 ¹iacta
400 2987 483 3044 sont
497 2971 751 3053 immutabilia,
773 2969 868 3060 quod
883 2982 916 3037 et
934 2961 1090 3034 lacrimis
1107 2977 1140 3032 et
1154 2961 1300 3029 moesti·
1419 2979 1524 3051 με..
1561 2997 1603 3050 gr.
1621 2977 1827 3040 amam,
1846 2978 1882 3036 n,
1899 2975 2343 3050 hettesnamont&-

296 3079 366 3151 'tia'
375 3076 469 3145 flecti
486 3097 561 3143 non
578 3073 731 3164 possint:
759 3073 817 3137 sed
846 3089 911 3137 nos
933 3061 1019 3135 haec
1044 3066 1158 3134 multo
1181 3062 1299 3130 verior
1451 3048 1523 3132 '³¹2⁸
1541 3089 1548 3132 ς
1569 3069 1595 3119 t‘·
1608 3048 1651 3104 ⁴9·
1670 3081 1704 3090 -
1741 3049 1873 3132 N?¹¹,‘¹¹⁰
1889 3047 2002 3130 nornjne
2016 3047 2177 3132 Melantho·
2197 3047 2341 3120 epistotam

312 3195 349 3251 et
368 3177 511 3269 gravior
530 3175 621 3246 ratio
648 3171 867 3254 consoletur,
900 3167 1017 3262 quod,
1050 3191 1129 3234 cum
1157 3164 1300 3232 divinae
1450 3129 1576 3190 'mm’
1598 3120 1828 3190 :repraesumere
1842 3135 1902 3172 ⁸⁸¹⁰
1917 3113 2185 3189 ‘u'd'md¹’⁰'⁹”¹⁰'

312 3283 437 3362 literae
451 3289 641 3358 testentur,
665 3296 740 3342 non
755 3271 916 3340 occidere
931 3293 1012 3339 casu
1026 3262 1208 3346 homines,
1237 3264 1298 3334 sed
1395 3263 1398 3268 ’
1681 3269 1845 3348 cuidam
1876 3275 2009 3349 amico·

315 3383 437 3476 aliquo
462 3393 557 3448 certo
586 3375 735 3446 consilio
757 3370 842 3458 Dei,
875 3374 993 3440 deceat
1026 3391 1092 3438 uos
1119 3367 1300 3436 voluntate
1724 3427 1732 3443 ‚
1942 3425 1951 3442 ‚
2095 3425 2104 3444 ·
2285 3427 2294 3444 ι

319 3485 463 3554 divinae
477 3481 731 3570 obtemperare.
766 3471 964 3544 Meministi
980 3471 1074 3540 enim
1096 3467 1300 3538 nobisscri-
1352 3413 1456 3548 8:⁰⁹
1487 3423 1760 3514 Q¹¹⁰d¹²¹¹¹¹d¹¹¹
1777 3425 2210 3512 ¹¹⁰¹¹d²d¹³d¹²¹¹¹⁰¹⁵³⁸2
2233 3429 2341 3520 ΨΜ·

314 3603 416 3682 ptum
440 3607 531 3652 esse:
554 3606 619 3650 nec
642 3601 796 3672 passeres
813 3575 889 3645 sine
909 3575 1087 3644 voluntate
1103 3569 1171 3642 Dei
1187 3569 1301 3639 extin-
1352 3554 1407 3649 Ψ
1431 3541 1465 3598 ¹⁸
1487 3550 1659 3619 ⁸¹¹⁸P¹⁰⁸¹¹
1683 3528 1824 3612 malms
1850 3551 1956 3620 ‘luam
1980 3551 2038 3596 ¹¹¹⁰
2063 3527 2192 3597 ‘'²³“st
2216 3527 2343 3598 imici·

315 3690 387 3782 gui.
439 3681 579 3757 Deinde
600 3683 668 3752 alia
691 3680 802 3749 multa
838 3679 982 3750 uberior
1012 3688 1064 3745 est
1094 3671 1301 3756 consolatio,
1353 3647 1423 3703 ¹¹³⁰
1446 3645 1587 3700 ¹¹⁰⁸lf³⁰
1611 3629 1764 3698 ⁰b¹l¹¹¹¹¹¹
1788 3652 1872 3698 ⁰³⁵⁸·
1925 3625 2119 3717 Ed⁰²¹llffl
2143 3624 2277 3725 cum¹)
2302 3631 2342 3700 in

317 3790 413 3884 quod
444 3787 549 3857 bonis
573 3785 675 3870 viris,
707 3781 868 3876 (qualem
902 3779 1008 3848 fuisse
1040 3789 1174 3867 patrem
1199 3788 1300 3842 tuum
1353 3735 1434 3853 ‘llll‘
1456 3731 1581 3802 ⁰sfi⁰ll⁵
1602 3731 1787 3813 ⁰mnib¹¹³s
1821 3743 1896 3800 [¹¹¹⁰
1922 3754 2005 3800 ΜΟ
2028 3731 2066 3808 ln
2091 3731 2341 3802 amicitiamn-

316 3889 454 3982 ,gregia
471 3913 552 3978 erga
566 3883 682 3958 Deum
701 3884 812 3976 ppetas
826 3883 864 3952 in
885 3879 982 3950 omui
1008 3879 1078 3948 „313
1102 3891 1136 3947 e,
1154 3873 1302 3944 sanctis,
1352 3859 1447 3908 xrme
1464 3833 1697 3903 constantiam
1716 3834 1828 3923 probo
1845 3845 1879 3900 et
1892 3831 2113 3902 retinendam
2128 3855 2200 3902 esse
2212 3847 2341 3905 statuo.

316 3995 404 4065 sima
422 4015 521 4060 mens
540 3983 751 4080 testabatur)
772 4007 866 4053 mors
884 3995 935 4052 est
950 3981 1068 4051 aditus
1084 3980 1128 4048 ad
1155 3975 1303 4045 immor·
1354 3935 1445 4057 (3⁰¹⁰
1462 3949 1577 4006 amem
1597 3934 1731 4053 imni}
1746 3935 1807 4052 ,¹¹¹3
1831 3935 2039 4054 ⁸¹¹²JVlt³¹²¹¹l
2063 3933 2110 4004 ἢῆ
2136 3935 2342 4026 ⁰⁰¹⁰Pl⁰¹¹¹⁸

1355 4063 1433 4122 sim,
1459 4051 1499 4108 ut
1514 4061 1618 4106 nemo
1636 4031 1725 4104 mrlu
1745 4038 1936 4106 rucundror
1950 4035 2059 4108 fuerit
2074 4061 2180 4130 quam
2198 4049 2247 4127 tu,
2271 4031 2342 4108 hoc

1355 4141 1420 4211 tibi
1436 4140 1541 4208 velim
1565 4139 1795 4231 persuadeas,
1819 4160 1877 4206 me
1900 4137 2130 4208 nullomodo
2153 4161 2341 4230 passurum

1356 4267 1429 4312 esse
1443 4265 1621 4334 uuquam,
1643 4255 1683 4309 ut
1696 4233 1786 4306 mihi
1803 4240 1971 4308 memoria
1999 4239 2051 4308 tui
2079 4264 2120 4309 ex
2144 4240 2263 4334 animo
2286 4241 2340 4312 el·

1355 4345 1453 4414 fluat.
1515 4342 1567 4411 Ac
1597 4341 1700 4410 facile
1726 4363 1863 4430 possent
1889 4353 1994 4412 testes
2018 4365 2179 4410 meorum
2204 4365 2340 4411 sermo-

316 4095 508 4178 talitatem,
528 4093 570 4160 ad
589 4115 694 4184 quam
713 4087 874 4158 conditos
887 4108 959 4153 esse
975 4077 1138 4150 homines
1155 4103 1228 4147 non
1244 4101 1301 4145 so·

271 4273 274 4279 ,
316 4199 394 4268 lum
410 4219 527 4264 sacrae
544 4193 686 4272 literae,
711 4191 772 4258 sed
791 4189 894 4256 etiam
919 4185 1029 4254 multa
1051 4183 1120 4250 alia
1146 4181 1303 4252 testimo-

317 4301 378 4369 nia
402 4297 570 4388 impressa
593 4309 742 4363 naturae
773 4290 978 4358 ostendunt.
1036 4281 1157 4356 audio
1185 4294 1302 4352 autem

316 4383 1304 4582 Ιέἑξὲῗωέρίυέῃὲᾚίῑῑῑἳΐέεἳῶἐῗῑῑὲῐιέῖῖῃξοέἓθ
1355 4471 1442 4515 num
1458 4445 1502 4512 de
1519 4457 1552 4513 te
1572 4445 1787 4534 producere,
1814 4441 1876 4536 qui
1901 4443 2081 4513 audierint
2105 4465 2163 4511 me
2187 4437 2339 4513 honori.

319 4601 505 4674 excessisse
521 4623 561 4669 ex
577 4595 643 4668 hac
659 4597 750 4680 vita,
775 4607 816 4664 ut
832 4593 997 4662 dubitare
1011 4615 1085 4658 non
1102 4591 1304 4670 debeamus,
1354 4545 1751 4740 {iep‘lgfle‘ctlgzl‘lzncl‘i'x
1775 4543 2338 4738 βῃῦεθῑὲἰέἱὲἶῖηῐῐΐῑίθηὲὲἒςὶῗῗῗιᾯ.

317 4705 405 4800 quin
423 4703 484 4772 illa
504 4700 659 4772 mirabili
677 4700 802 4768 luceet
821 4707 1009 4786 conspectu
1027 4691 1096 4762 Dei
1114 4692 1183 4759 iam
1207 4689 1305 4758 irua·
1383 4753 1392 4770 ,
1509 4749 1518 4766 ,
1588 4749 1596 4766 ,
1697 4748 1739 4768 Η
1830 4749 1838 4766 ,

317 4821 393 4890 ,uri
418 4807 462 4874 ad
485 4829 592 4896 quem
607 4801 798 4874 fruendum
818 4809 945 4866 natum
965 4791 1151 4864 hominum
1168 4791 1305 4882 praeci·
1354 4765 1464 4836 nitas,
1489 4773 1519 4818 ss
1536 4749 1616 4818 talis
1637 4773 1739 4817 amrcr
1765 4747 1898 4817 oblatus
1919 4771 2051 4830 essem,
2076 4748 2138 4842 qui
2164 4749 2339 4834 doctrine,

317 4931 387 5002 pue
404 4908 546 4978 condita
562 4921 633 4989 est,
656 4904 718 4973 ubi
735 4917 777 4972 ut
794 4899 880 4969 olim
905 4919 975 4968 una
998 4887 1079 4966 curn
1103 4895 1180 4984 ipso
1206 4915 1305 4981 rega-

317 5035 397 5080 mus
415 5023 448 5078 et
463 5005 581 5078 Deum
598 4991 949 5100 prope⁴intueamur,
963 4998 1077 5068 studia
1097 4997 1306 5087 laboresque

216 5103 221 5110 ’
317 5125 461 5194 nostros
477 5131 600 5178 omnes
619 5131 660 5178 eo
673 5107 836 5177 conferre
852 5102 1034 5173 debemus.
1077 5097 1199 5188 Longa
1219 5107 1308 5167 esset
1352 5071 1376 5129 ²³

1354 4851 1499 4945 optimis
1517 4851 1678 4920 moribus
1696 4851 1743 4920 ita
1759 4851 1918 4929 excellit,
1945 4845 2085 4920 utmihi
2106 4845 2269 4922 hortator
2293 4853 2336 4920 ad

1352 4950 1440 5025 haec
1462 4954 1576 5050 studia
1599 4975 1739 5042 semper
1761 4949 1909 5022 colenda
1947 4952 2117 5035 extiterit,
2155 4967 2235 5022 eur'n
2267 4977 2337 5048 quo

1379 5082 1424 5126 rm
1441 5055 1544 5126 multi
1563 5055 1954 5125 iucundiss.sermones
1977 5055 2021 5124 de
2041 5053 2155 5124 literis
2180 5055 2336 5126 suerunt.

1350 5230 1575 5252 Μ

1388 5328 1418 5390 t)
1439 5327 1519 5388 curn]
1539 5321 1604 5376 eod.
1616 5318 1678 5374 Par.
1691 5327 1762 5376 tum.
2072 5386 2074 5394 Ι

353 5439 385 5496 1)
403 5443 485 5486 mm
497 5425 593 5501 scripsi
607 5441 658 5498 pro
671 5437 783 5491 mem,
802 5420 876 5493 qood
893 5419 975 5474 habet
989 5417 1052 5474 rod.
1386 5409 1417 5472 Ξ)
1438 5409 1546 5476 quoties
1562 5431 1592 5448 -·
1607 5404 1715 5467 rireidr't]
1734 5401 1800 5458 cod·
1814 5399 1895 5456 sarit.
1913 5417 1970 5456 ooo
1983 5399 2064 5458 habet
