4866 5990
123 219 203 295 ιιι
506 161 1777 384 scalpraanvrraunnonrrumuncau'qu.
1862 297 1898 350 ,γ
2070 247 2148 322 eu
2264 201 2266 205 ’
2346 283 2351 336 ;

121 406 161 464 ιιι
186 390 606 488 frumentnrn'coiimeret
625 401 669 472 a'd
694 423 780 472 mus
802 423 966 492 suornm,
990 403 1021 474 si
1042 425 1109 474 an·
1160 399 1222 470 illa
1238 397 1298 469 die
1312 421 1428 494 neque
1442 399 1671 494 sequentibus
1691 406 2004 496 apraelectionnm
2029 418 2160 508 operis*

120 517 235 564 nonae
252 495 380 566 caritas
394 496 580 582 incideret,
602 505 698 598 quod
715 516 750 576 et
764 504 808 574 de
821 489 981 576 consiliis
996 505 1107 599 ipsius
1159 502 1292 574 talibus
1314 501 1473 572 consiliis
1493 502 1594 596 quasi
1609 503 1776 578 violentis
1797 511 2011 604 quibusdam
2029 519 2145 590 abdu-

120 595 336 686 factumest,
361 610 396 670 et
421 621 519 672 nnnc
534 605 634 696 quasi
656 629 697 676 ex
714 617 922 678 testamento
938 603 983 678 D.
999 605 1108 678 Prae-
1159 616 1236 674 ctus
1250 601 1318 674 luit
1330 617 1392 674 aut
1405 589 1614 695 impirditus,
1639 611 1876 702 cumsemp‘er
1890 616 2034 708 quidem
2059 643 2143 690 ora-

123 695 268 788 ceptoris
287 699 334 768 ab
358 692 427 770 hae
447 718 655 778 asservatur.
712 707 833 802 Atque
860 703 946 778 baec
968 707 1107 780 locutus
1158 717 1257 776 retur
1277 717 1318 776 nt
1338 703 1406 775 sibi
1428 719 1595 796 parceret.
1655 704 1809 778 Domum
1828 717 1996 788 reduetus
2020 742 2142 793 rursus

127 797 321 891 quodcirca
335 823 468 870 nonam
485 826 557 874 esse
572 821 730 896 putaret,
756 831 851 902 quae
868 823 942 881 erat
959 809 1107 880 ordina·
1158 806 1198 876 in
1221 805 1324 878 sedili
1348 805 1456 896 longo
1482 830 1546 878 suo
1568 799 1742 880 'decubuit
1760 823 1866 906 atque
1897 818 2020 888 relicto
2044 825 2142 913 apud

125 899 174 969 sia
195 892 283 970 bora
308 923 498 993 operarum
526 906 639 998 ipsius
666 909 909 1000 publicarum,
942 913 1107 1002 surgebat
1157 931 1239 978 eum
1259 908 1370 978 altero
1392 929 1434 978 ex
1458 907 1521 993 iis,
1554 909 1615 1002 qui
1644 933 1724 980 enm
1748 913 1893 984 domum
1917 921 2143 1010 reduxerant,

125 1001 164 1070 dc
178 999 300 1082 sedili,
325 1015 362 1074 et
376 1005 524 1094 parabat
538 1029 595 1095 se,
619 1025 659 1082 ut
674 1012 719 1082 ad
735 1009 1106 1105 praelectionemDia-
1156 1010 1245 1084 alter
1272 1009 1318 1078 ab
1340 1031 1381 1078 co
1405 1008 1582 1090 discessit,
1611 1011 1710 1104 qnod
1736 1013 1868 1084 diceret
1888 1039 1926 1086 se
1950 1019 2070 1090 literas
2096 1029 2141 1095 ad

124 1101 260 1174 lecticae
286 1103 533 1193 descenderet,
562 1133 646 1182 nam
670 1112 737 1183 etsi
759 1107 854 1184 nibil
874 1112 1106 1186 emittebatur
1156 1105 1399 1196 Camerarium
1441 1111 1728 1201 obsignatorem,
1780 1115 1818 1184 id
1867 1141 1950 1187 sum
1990 1123 2141 1210 audiret,

124 1217 153 1274 ιι
166 1203 304 1274 orando
321 1217 357 1276 et
371 1199 570 1296 hortando,
595 1213 750 1286 obtimi
762 1225 881 1286 tmen
902 1238 978 1284 non
1002 1229 1105 1306 pote.
1157 1211 1271 1281 scribe
1295 1211 1327 1280 ei
1351 1209 1470 1304 inquit
1493 1235 1550 1282 me
1575 1213 1710 1286 calculo
1737 1213 1907 1310 impedire
1934 1221 2140 1296 abitinere

122 1317 187 1386 rat,
212 1317 255 1376 nt
270 1305 342 1376 sibi
358 1301 424 1378 hae
438 1308 477 1408 in
494 1324 594 1402 parte
618 1329 795 1406 parceret,
820 1329 855 1388 et
877 1316 1103 1408 praelegendi
1156 1311 1352 1395 Misnensi,
1378 1311 1549 1384 invitatus
1564 1312 1660 1384 enim
1684 1315 1798 1388 fuerat
1815 1319 1856 1386 ad
1883 1320 2139 1412 inspectionem

121 1429 242 1496 operae
257 1409 519 1500 supersederet,
543 1413 657 1504 legam
682 1414 801 1511 inquit
826 1417 1013 1488 dimidiam
1035 1413 1103 1488 bo·
1155 1415 1338 1485 solennem
1370 1413 1449 1482 ludi
1471 1412 1588 1500 illius,
1622 1427 1655 1486 et
1684 1430 1901 1491 caeterorum
1933 1423 2140 1502 illustrium.

119 1508 254 1594 rularn,
273 1524 394 1602 postea
417 1509 458 1581 in
474 1509 652 1588 Balneum
665 1519 892 1605 descendam,
941 1515 1103 1613 Cumque
1155 1513 1294 1588 lnterea
1312 1527 1387 1584 tum
1404 1539 1499 1585 nona
1515 1516 1716 1602 audiretur,
1742 1519 1786 1588 de
1801 1519 1846 1588 iis
1862 1521 2137 1609 lermetantum,

116 1632 242 1680 manns
259 1608 380 1684 lavere
393 1613 501 1686 vellet
517 1619 614 1709 quod
637 1632 733 1690 certo
755 1620 906 1692 consilio
927 1643 1031 1713 saepe
1049 1621 1103 1690 fa·
1154 1641 1245 1711 qnae
1260 1616 1422 1709 publicae
1442 1617 1480 1684 in
1495 1617 1648 1688 lectione
1665 1619 1914 1710 propositurus
1930 1638 2040 1711 esset,
2064 1650 2139 1698 ⁵0¹·-

115 1732 192 1782 cece
206 1727 456 1796 consuevmat,
481 1729 516 1787 et
531 1719 576 1788 ad
596 1719 807 1790 malluvium
828 1743 892 1811 per
910 1721 1103 1792 scabellum
1153 1713 1425 1790 monesbabnit.
1476 1715 1688 1788 Hora'nona
1710 1721 1755 1788 ad
1778 1720 1966 1794 lectionem
1992 1729 2140 1799 descen·

117 1811 456 1900 altinsascenderet,
481 1815 531 1888 ita
551 1819 705 1892 difficilis
725 1820 759 1891 ei
774 1819 930 1892 ascensio
943 1823 1049 1894 fiebat
1062 1836 1102 1894 ut
1155 1820 1226 1901 dit,
1258 1819 1298 1888 in
1322 1843 1392 1912 qua
1418 1817 1645 1890 dissimulans
1666 1821 1941 1894 imbecillitatem
1966 1845 2139 1920 quantum

117 1913 261 1984 labente
274 1937 364 2004 genu
377 1917 490 1990 altero
504 1941 596 2010 pene
611 1921 841 2008 concidisset,
866 1947 935 2016 qna
951 1947 990 1993 re
1005 1947 1102 1994 com·
1153 1933 1306 2013 poterat,
1324 1920 1428 1990 etiam
1441 1943 1525 1990 voce
1538 1921 1740 1991 firmitatem
1755 1945 1840 2014 prae
1852 1946 1890 1993 se
1906 1925 2042 2014 ferens,
2056 1955 2138 2000 cum

126 2027 241 2086 motus
253 2011 440 2104 nonnihil,
468 2041 544 2114 ego,
566 2022 697 2116 inquit,
718 2021 1027 2118 extinguarsr‘cut
1042 2020 1103 2094 Iu·
1153 2045 1210 2092 res
1224 2021 1441 2094 dissimulari
1456 2021 1604 2091 minime
1622 2035 1757 2114 posset,
1782 2025 1854 2094 duo
1871 2037 2011 2112 tantum
2033 2055 2139 2120 argu-

125 2111 276 2202 amala.
326 2116 420 2190 Nem
436 2121 554 2192 statim
577 2123 672 2196 inter
686 2123 789 2196 initia
812 2125 929 2195 morbi
951 2138 1101 2196 mortem
1152 2136 1272 2194 menta
1287 2122 1491 2214 proposuit,
1517 2147 1667 2216 quornm
1684 2125 1793 2194 altera
1808 2139 1884 2196 erat
1906 2124 2053 2219 Georgii
2067 2131 2139 2202 Na·

120 2216 267 2288 ominari
289 2219 500 2312 incipiebat,
530 2237 566 2294 et
585 2226 815 2318 sequentibus
837 2227 1102 2298 ‹liebusomni-
1153 2225 1327 2296 zianzenit
1354 2218 1460 2304 εὶετό
1477 2219 1589 2322 ἆγῖον
1611 2220 1758 2317 πάσχα,
1780 2224 1975 2309 θῖῦδῐΰῠᾶῑ,
2001 2223 2138 2326 λύτρον
2173 2261 2177 2282 ¹
2206 2251 2209 2261 “

119 2317 186 2388 bus
201 2317 239 2388 in
253 2343 316 2390 ere
329 2334 405 2394 erat
418 2323 554 2396 mentio
576 2321 702 2409 buius,
724 2341 760 2400 et
776 2349 956 2398 sermones
972 2330 1017 2398 de
1035 2322 1102 2398 hac
1151 2329 1294 2397 estensi
1314 2321 1550 2416 κατέχοντος,
1582 2321 1756 2396 Diabolus
1784 2325 1928 2421 κατέχει
1958 2328 2054 2402 iuxta
2080 2335 2139 2404 di-

119 2419 245 2490 multos
265 2433 302 2492 et
322 2424 501 2516 sapientes
522 2439 628 2520 atque
649 2429 728 2520 pios
750 2423 923 2518 babebat,
948 2451 1100 2522 qnorum
1152 2442 1247 2496 ctum
1274 2421 1399 2496 Esaiae
1421 2418 1659 2518 κατεχόμιθα
1686 2422 1763 2521 μὴν
1784 2424 1860 2526 γὰρ
1881 2425 1956 2503 ὑπὸ
1977 2437 2048 2512 τοῦ
2069 2425 2142 2506 ποὲ

117 2519 281 2614 deinceps
303 2545 370 2594 scm
391 2525 472 2598 loeo
491 2528 684 2600 referemus
707 2529 855 2624 aliquos.
914 2528 968 2604 lta
992 2529 1103 2622 igitur
1151 2530 1288 2624 τηροῦ,
1315 2519 1542 2622 πιπράμιτοι
1556 2523 1630 2600 ὑπὸ
1649 2524 1719 2624 τὴν
1737 2524 1928 2624 ἁμαρτίαν
1950 2545 2016 2609 etc.
2043 2541 2139 2630 qnod

120 2636 304 2716 antequam
326 2637 449 2697 octava
478 2629 663 2704 audiretur
688 2630 939 2704 comitantibus
961 2653 1041 2702 oum
1067 2644 1103 2702 et
1152 2642 1399 2718 argumentum
1415 2641 1492 2698 tum
1509 2631 1666 2700 solvebat
1685 2643 1790 2724 atque
1805 2632 2019 2722 explicabat,
2047 2661 2138 2730 quo-

121 2723 371 2798 deducentibns
385 2729 581 2800 duobusin
600 2727 757 2803 scholam
775 2733 953 2824 publicam
969 2732 1102 2802 doctri·
1152 2731 1259 2798 modo
1282 2730 1425 2799 diabolo
1450 2753 1523 2798 non
1545 2732 1761 2802 deberentur
1784 2724 1920 2827 λύτρα,
1954 2735 2138 2829 aliquanto

122 2847 191 2894 nae
210 2846 287 2896 snae
308 2829 512 2910 deseendit,
538 2833 577 2900 in
601 2823 671 2926 qno
694 2833 857 2904 consulto
879 2857 959 2904 eum
984 2855 1102 2902 errare
1152 2853 1257 2922 quam
1280 2830 1320 2900 lit
1341 2855 1361 2900 a
1384 2827 1559 2920 Gregorio
1575 2831 1759 2917 disertius,
1781 2845 1815 2902 et
1838 2834 1990 2923 planius.
2042 2835 2139 2908 Haec

120 2924 355 3015 patiebamur,
379 2943 420 3002 nt
441 2931 544 3002 lectio
571 2933 880 3020 interverteretur,
904 2933 968 3005 etsi
985 2933 1101 3025 snspi·
1151 2931 1255 3002 lectio
1272 2955 1346 3002 non
1364 2931 1515 3008 multum
1529 2931 1622 3000 ultra
1641 2935 1872 3024 quadrantem
1891 2930 1978 3004 hora
2001 2939 2137 3026 produ-

121 3027 282 3098 cabamnr
313 3053 396 3102 enm
430 3031 584 3104 alienam
617 3029 741 3106 horam
774 3035 983 3128 professoris
1016 3033 1102 3120 eius,
1152 3045 1207 3103 cta
1231 3031 1316 3116 suit,
1342 3045 1377 3104 et
1398 3026 1493 3102 hand
1519 3032 1647 3102 scimus
1671 3056 1716 3102 an
1734 3034 1932 3103 breviorem
1948 3037 2136 3108 lectionem

120 3128 217 3198 cuius
237 3143 288 3202 est
304 3125 393 3205 bura
407 3146 548 3220 octava,
580 3159 685 3228 quem
710 3147 787 3206 tum
810 3159 954 3230 peregre
982 3137 1101 3206 abesse
1151 3133 1196 3204 ab
1211 3132 1288 3226 ipso
1303 3129 1460 3202 habitam
1473 3129 1621 3204 antebac
1638 3158 1741 3204 nemo
1754 3135 1972 3210 meminerit.
1999 3137 2058 3209 Sic
2069 3139 2137 3230 igi·
2224 3179 2235 3192 ·

123 3229 271 3324 sciebat,
286 3232 501 3307 ubire'veller
552 3235 611 3308 Ad
626 3236 798 3308 anditorii
811 3239 904 3308 iores
918 3259 1000 3308 curn
1015 3259 1099 3328 prr·
1151 3247 1211 3305 tur
1223 3247 1302 3326 post
1315 3233 1452 3304 linitam
1470 3235 1656 3306 lectionem
1670 3235 1799 3306 iterum
1814 3237 1961 3308 domum
1976 3263 2137 3311 reversus
2271 3277 2276 3282 ·

122 3331 287 3418 venisset,
315 3333 365 3404 ita
393 3335 538 3421 cecidit,
568 3351 609 3408 ut
631 3338 799 3430 perpauci
823 3334 1101 3410 scholasticiibi
1151 3335 1270 3406 statim
1288 3337 1329 3404 in
1345 3334 1503 3406 Labrum
1519 3359 1630 3430 aquae
1647 3336 1780 3408 calidae
1795 3339 1993 3425 descendit,
2019 3355 2053 3435 et
2079 3345 2136 3412 lo·

120 3433 294 3519 adessent,
330 3457 485 3531 cumque
509 3439 766 3528 significaretur
787 3439 820 3510 ei
841 3442 1002 3510 nondum
1028 3458 1102 3509 esse
1151 3449 1269 3507 menta
1305 3451 1410 3530 atque
1440 3437 1629 3508 unctiones
1654 3433 1836 3508 adhibitae
1861 3440 1960 3510 luere
1985 3437 2068 3512 illae
2093 3445 2138 3514 de

122 3534 270 3604 auditam
293 3548 475 3623 octavam,
512 3539 600 3634 qnid
634 3540 743 3630 igitur
768 3536 828 3612 bic
849 3540 1010 3632 agimus?
1042 3541 1101 3609 in··
1151 3537 1282 3632 quibus
1313 3559 1419 3629 supra
1451 3537 1624 3620 diximus,
1671 3563 1822 3632 cumque
1857 3564 1920 3629 per
1949 3543 2135 3614 dimidiam
2255 3594 2259 3602 ·

124 3635 213 3727 quit,
235 3649 340 3731 atque
355 3639 502 3710 domum
518 3654 717 3726 revertens,
741 3643 788 3714 ab
802 3643 927 3714 iisdem
943 3642 1005 3736 qui
1019 3663 1100 3712 eum
1152 3635 1276 3708 boram
1310 3638 1350 3708 in
1383 3637 1483 3726 labro
1514 3637 1703 3708 desedisset
1739 3643 1783 3710 ad
1813 3643 2004 3731 prandium
2050 3645 2135 3715 inde

126 3735 338 3810 deduxerunt
353 3741 518 3812 reductus
537 3755 598 3814 est.
652 3740 750 3815 luter
773 3748 924 3814 eundem
948 3743 1102 3827 dicebat,
1152 3761 1308 3832 egressus
1323 3753 1376 3810 est
1396 3738 1564 3809 omnibus
1584 3741 1691 3809 rebus
1708 3741 1755 3810 ita
1776 3742 1992 3811 sedentibus
2013 3759 2052 3813 ut
2067 3745 2137 3814 mi-

130 3833 395 3930 siKembergam
418 3865 531 3938 usque
545 3845 772 3934 procederem
793 3845 951 3915 fortassis
973 3843 1101 3913 melius
1152 3865 1220 3910 nus
1236 3841 1267 3910 ei
1284 3853 1499 3912 metueretur
1514 3853 1548 3911 et
1562 3854 1602 3912 ut
1623 3854 1704 3910 ante
1727 3863 1828 3933 saepe
1853 3841 1901 3910 ita
1927 3857 2002 3912 tum
2028 3843 2135 3916 etiam

127 3957 255 4010 meeum
271 3941 387 4026 lieret,
412 3946 509 4036 quod
532 3945 744 4038 oppidulum
766 3946 872 4018 distat
887 3943 1101 4035 Witeberga
1151 3966 1170 4010 a
1190 3942 1325 4012 calculo
1340 3953 1479 4026 tantum
1497 3943 1615 4012 omnis
1638 3941 1801 4015 debilitas
1823 3943 1976 4014 extitisse
1998 3945 2136 4016 iudica·
2167 4001 2171 4014 .

126 4038 298 4134 aliquanto
334 4042 497 4134 longiore
527 4047 645 4136 spacio
678 4071 784 4142 ᾳιιιιιι
816 4060 868 4118 est
889 4069 1102 4138 parasangae
1151 4055 1260 4116 retur.
1313 4039 1355 4113 ln
1370 4043 1520 4134 prandio
1537 4065 1723 4135 perparum
1739 4059 1773 4114 et
1789 4045 2004 4131 comedebat,
2030 4049 2137 4118 etbi-

125 4141 243 4228 nnins,
272 4167 363 4238 qnae
386 4140 493 4218 habet
523 4148 662 4218 miliare
682 4147 920 4238 germanicum
948 4147 1102 4232 brevius,
1153 4144 1277 4227 bebat,
1305 4139 1576 4214 hilariuscnlum
1598 4168 1635 4216 se
1657 4157 1794 4230 tamen,
1824 4159 1861 4216 et
1880 4167 1959 4216 aum
1987 4150 2137 4220 omnino

124 4235 194 4314 Etsi
208 4257 324 4316 antem
341 4259 480 4318 tantum
496 4247 636 4320 itineris
652 4249 714 4320 illa
729 4249 932 4320 valetudine
952 4271 1015 4320 sua
1038 4271 1103 4318 ne·
1153 4245 1362 4337 praebebat,
1386 4259 1427 4318 ut
1439 4247 1634 4337 periculum
1659 4247 1910 4337 inpraesentia
1933 4263 2137 4340 superatum

127 4367 295 4440 quaquam
319 4349 491 4420 conticere
512 4351 700 4440 potuisset,
751 4349 835 4420 Post
861 4344 954 4420 hanc
984 4363 1102 4422 tamen
1153 4369 1226 4417 esse
1240 4347 1398 4441 plerique
1420 4347 1647 4422 confiderent.
1698 4345 1953 4441 Posteaquieti
1976 4373 2012 4420 se
2025 4352 2135 4434 dedit,

126 4469 192 4518 non
208 4449 352 4538 longam
368 4449 516 4520 itionem
533 4453 577 4522 ‹le
593 4477 662 4545 qua
677 4451 831 4522 diximus
851 4451 996 4522 allevari
1011 4475 1103 4520 non·
1154 4461 1188 4519 et
1203 4449 1373 4545 dormivit
1391 4471 1454 4540 per
1469 4443 1573 4518 boras
1588 4449 1698 4534 ferme
1714 4463 1796 4530 tres,
1816 4449 1877 4542 qui
1892 4473 2038 4520 somnus
2053 4473 2135 4520 eum

128 4544 212 4619 nibil
234 4549 333 4620 visus
356 4551 446 4637 luit,
476 4565 517 4624 nt
541 4555 685 4624 domum
716 4575 878 4623 reversus
897 4553 1104 4623 meliuscule
1154 4551 1203 4620 ita
1235 4549 1473 4634 confirmavit,
1515 4563 1555 4620 ut
1591 4572 1669 4642 spes
1694 4550 1800 4621 simul
1834 4550 1995 4619 omnium
2026 4550 2136 4639 magis

129 4642 288 4736 baberet,
314 4656 560 4743 perseverabat
574 4669 690 4726 autem
706 4655 744 4724 in
759 4655 933 4724 sententia
955 4677 992 4724 se
1015 4649 1103 4724 bora
1154 4651 1431 4726 confirmaretur.
1491 4649 1586 4720 Ante
1613 4673 1758 4721 coenam
1791 4651 1995 4742 scriptiones
2025 4665 2137 4722 certas

126 4775 216 4824 nona
231 4753 406 4824 lecturum
422 4777 513 4836 esse,
539 4758 634 4847 quod
659 4757 723 4828 etsi
739 4769 839 4826 erant
856 4757 919 4850 qui
942 4767 1104 4826 averten-
1155 4753 1378 4838 absolvebat,
1412 4765 1447 4824 at
1482 4775 1561 4821 cum
1589 4751 1627 4821 in
1649 4776 1757 4822 coena
1784 4765 1923 4844 postea,
1954 4763 2030 4820 tum
2058 4765 2137 4845 post

128 4855 208 4922 dnm
234 4855 436 4926 indicarent
467 4857 722 4946 significatione
755 4858 931 4928 contraria
965 4857 1106 4948 publice
1155 4849 1248 4930 hanc
1268 4849 1363 4924 nibil
1384 4853 1750 4934 animadvertebatur,
1765 4897 1770 4910 ι
1784 4854 1880 4946 qnod
1900 4875 1995 4942 spem
2017 4877 2038 4923 a
2061 4855 2138 4946 ple-

126 4955 323 5050 proposita,
356 4971 398 5028 ut
412 4971 598 5030 revertens
622 4960 800 5029 auditores
824 4959 943 5028 nullos
965 4958 1107 5027 inveni·
1156 4956 1275 5049 risque
1291 4969 1494 5048 conceptam
1511 4955 1728 5040 debilitaret,
1753 4955 1847 5023 vires
1860 4965 1979 5024 tamen
2004 4978 2137 5027 senon

126 5073 195 5142 rrt,
217 5069 473 5136 contratamen
491 5053 558 5130 boc
579 5062 867 5145 metuebamus
886 5083 926 5129 ea
941 5062 1106 5129 adversa·
1156 5057 1454 5142 corroborabunt,
1487 5059 1548 5148 sed
1581 5058 1732 5146 languor
1762 5053 1986 5126 imbecillitas
2020 5057 2139 5148 potius

126 5159 220 5232 tione
242 5171 278 5230 et
298 5158 529 5232 frustratione
552 5159 617 5232 tali
631 5162 678 5232 ita
692 5161 951 5247 offenderetur,
975 5173 1017 5230 ut
1037 5162 1108 5230 ira·
1158 5153 1284 5228 harum
1311 5160 1475 5229 manebat
1500 5181 1575 5227 ιιοιι
1598 5159 1711 5227 ιιιιιΙιο
1747 5157 1865 5226 ιιιὶιιοι
1898 5179 2004 5250 quarn
2035 5179 2139 5226 mane

125 5261 276 5332 cundise
293 5263 483 5334 commotio
497 5263 528 5330 ei
546 5261 627 5354 plus
642 5276 802 5348 noceret,
827 5287 934 5356 quam
956 5261 1029 5352 nlla
1046 5263 1109 5331 de·
1158 5263 1281 5332 luerat.
1331 5259 1410 5332 Nor
1432 5281 1581 5352 sequeus
1605 5259 1747 5348 gravior
1772 5271 1864 5338 erat,
1890 5279 1961 5352 qna
1982 5257 2138 5348 primum

124 5363 301 5454 fatigatio,
327 5363 365 5444 id
388 5367 482 5458 quod
507 5365 637 5436 lactum
658 5365 793 5436 luisset.
847 5360 969 5458 ltaque
994 5385 1108 5458 neque
1159 5357 1418 5470 deprehensum
1435 5361 1633 5532 luithquid
1650 5361 1768 5432 morbi
1782 5373 1885 5446 esset,
1911 5359 1980 5454 quo
1998 5359 2140 5428 labora-
