4884 5950
149 148 226 226 869

928 427 1141 466 “a

751 151 1173 250 QUAESTIONES
1205 149 1607 240 ACADEMICAE.

913 283 1147 404 aaaron.

2121 165 2197 244 810

1198 330 1367 414 excitato,
1391 351 1473 400 cum
1496 329 1697 424 dysenteria
1715 302 1846 424 ¹magna
1868 357 1910 405 er
1933 351 2034 429 parte
2055 337 2190 412 cieatnr

1199 432 1244 500 ab
1272 431 1344 501 aeri
1368 445 1402 502 ct
1423 448 1593 504 venenata
1619 432 1691 502 bile
1713 435 1919 522 arrodente,
1944 453 1979 510 rt
1999 464 2063 512 ceu
2084 443 2190 514 abra-

218 531 250 591 to
267 533 381 604 (tosus.
399 555 425 606 p.
440 537 666 662 tranmissus
680 538 708 592 in
724 537 781 594 set
799 539 875 597 nect.
889 539 923 598 T.
938 541 987 599 tv,
1008 518 1147 614 parter
1198 533 1304 604 deute
1325 531 1578 606 intestinorum
1599 535 1783 626 pelliculas
1804 537 1992 612 interiores
2011 546 2188 616 mordaci-

133 689 138 696 ·
249 601 283 660 T.
299 603 330 660 V.
347 624 374 678 p.
386 605 428 662 52.
442 617 468 661 et
480 623 515 678 ap
592 607 694 664 ichard.
708 609 743 666 Τ.
756 609 790 665 ΙΙ.
804 629 830 680 p.
842 609 902 666 239.

148 765 324 850 domatio
345 772 543 860 proposito
565 789 591 839 o
615 770 887 842 Laurentio
912 768 1144 862 Msttctto,

147 889 234 939 coos
248 867 393 966 padua
409 873 618 944 Doctorum
632 875 675 943 in
690 879 778 944 orte
791 871 941 944 medico
956 871 1137 972 tribuem-

145 973 276 1042 turdi.
294 975 507 1046 floresco
525 978 819 1064 Posmuuuo,
839 975 1141 1072 Borproerbeuss',

145 1072 1141 1254 etdtlolsouotdoqugo,Gygaeo,dl't.1uu.

143 1311 314 1396 Aetatem
343 1337 501 1396 nostram
529 1329 629 1400 decet
660 1329 847 1422 praecipue
871 1353 972 1399 arnor
1000 1345 1035 1402 et
1064 1345 1140 1402 stu-

144 1427 246 1496 dium
262 1429 509 1516 verecundias,
533 1455 623 1524 quae
640 1425 708 1502 hoc
723 1455 865 1526 quoque
879 1432 1139 1524 complectitur,

144 1542 284 1600 utrum
303 1525 518 1600 adhibemur
534 1548 630 1604 certo
652 1533 821 1627 gravique
837 1533 985 1604 consilio
1004 1537 1049 1604 ad
1071 1559 1138 1626 pu·-

143 1629 322 1702 blicorum
338 1633 471 1704 rituum
489 1633 528 1702 in
545 1629 664 1706 schola
681 1635 892 1727 spectaculo,
911 1637 1070 1706 excitatis
1080 1638 1138 1707 in·

137 1747 202 1822 ¹tus
217 1733 345 1804 animis
359 1736 404 1804 ad
421 1735 577 1830 aliquam
593 1737 923 1822 considerationem,
948 1739 1036 1807 foris
1052 1763 1135 1810 vero

142 1833 306 1906 sensibus
321 1837 365 1910 ed
387 1837 515 1908 seriam
533 1839 789 1919 intentionem,
816 1852 850 1912 ct
866 1840 995 1933 reliqui
1010 1865 1137 1934 corpo-

142 1937 196 2006 ris
217 1937 391 2026 gestibus,
415 1941 460 2009 ad
485 1940 667 2012 decentem
685 1965 724 2012 ac
746 1941 902 2010 sedatam
925 1943 1134 2014 modestiam

142 2039 368 2132 compositis,
400 2064 653 2132 cognoscamus
675 2066 764 2136 quae
791 2042 878 2113 liant
901 2059 934 2114 et
959 2044 1136 2131 dicantur,

141 2165 209 2210 nec
226 2141 282 2211 vel
298 2141 502 2234 importuna
519 2158 554 2214 et
568 2145 771 2236 obstrepere
787 2145 993 2235 garrulitate
1014 2149 1136 2219 turbe-

95 2259 101 2268 ·
141 2266 223 2314 runs
238 2258 425 2336 occupatos
441 2245 637 2318 attentione
651 2270 777 2316 sensus
798 2246 970 2330 aliorum,
997 2247 1054 2316 vel
1069 2273 1135 2318 au·

141 2347 263 2416 dacter
285 2370 465 2416 sumamus
486 2349 591 2420 nobis
611 2373 670 2436 ea,
696 2371 785 2442 quae
805 2361 888 2418 sunt
904 2348 1077 2420 maiorum
1095 2375 1135 2422 ac

138 2461 421 2540 praeceptorum.
471 2503 472 2506 ,

244 2565 342 2640 Haec
357 2567 515 2656 cogitans
529 2591 609 2636 cum
626 2581 661 2639 et
674 2583 802 2640 natura
819 2589 852 2640 et
869 2572 989 2642 sedula
1006 2595 1134 2663 paren-

141 2681 219 2740 tum
231 2693 315 2740 cura
331 2684 436 2762 atquc
453 2668 677 2742 institutione
695 2673 805 2742 ducar
820 2674 864 2742 ad
883 2673 1040 2744 studium
1056 2675 1134 2745 cul·

140 2785 289 2865 tumque
300 2770 504 2854 modestiae,
518 2784 553 2840 et
566 2768 775 2842 abhorream
789 2777 834 2844 ab
848 2776 1014 2846 indecora
1028 2777 1133 2847 aetati

141 2887 284 2944 nostrae
300 2875 526 2964 procacitate,
550 2874 741 2946 difficulter
754 2901 809 2946 rue
823 2879 867 2946 ad
884 2878 1074 2950 dicendum
1091 2903 1131 2948 er

140 2967 211 3044 hoc
236 2975 314 3046 loco
336 2990 371 3046 et
389 2975 426 3043 iu
448 2969 517 3044 hoc
540 2977 757 3068 amplissimo
784 3003 949 3048 consessu
975 2975 1133 3070 pertrahi

139 3077 286 3146 fuissem
307 3099 447 3168 passus,
480 3075 552 3146 nisi
577 3079 748 3150 autoritas
767 3105 824 3150 me
852 3095 1132 3173 praeceptorum,

141 3192 179 3249 et
204 3177 312 3248 officii
340 3179 410 3246 mei
432 3191 538 3271 atque
564 3181 786 3252 obedientiae
809 3183 920 3268 ratio,
953 3184 1132 3274 coegisset.

138 3275 189 3352 Et
210 3280 293 3374 quia
315 3279 448 3373 requiri
469 3309 489 3348 a
511 3283 616 3352 uobis
630 3283 753 3368 video,
778 3309 851 3354 non
877 3298 1015 3356 tantum
1033 3301 1071 3356 ut
1087 3287 1132 3356 de

139 3380 197 3470 iis,
223 3405 315 3476 quae
330 3383 468 3452 erudite
484 3396 518 3452 ct
533 3385 711 3476 sapienter
726 3386 907 3471 dicuntur,
933 3401 1024 3458 etex
1038 3387 1130 3457 vivis

139 3485 327 3575 exemplis,
352 3507 443 3578 quae
462 3498 544 3554 ante
561 3487 683 3586 oculps
697 3501 837 3557 nostros
854 3489 1130 3573 constituuntur,

138 3581 444 3676 pulchritudinem
469 3587 611 3662 virtutis
633 3601 667 3657 et
686 3593 899 3679 optimarum
918 3590 1047 3660 artium
1067 3591 1129 3660 dc—

140 3710 202 3757 cus
218 3687 416 3778 intelligere
432 3688 607 3757 discamus
623 3703 728 3782 atque
750 3692 941 3782 admirari,
968 3696 1028 3760 sed
1046 3693 1130 3761 irni-

138 3788 208 3860 tari
223 3789 328 3860 etiam
350 3789 527 3881 proposita
545 3793 703 3882 exempla
724 3817 744 3860 a
768 3794 899 3862 teneris
922 3817 1131 3863 consuesca-

138 3913 231 3972 mus,
255 3891 359 3962 certis
374 3891 549 3962 exercitiis
564 3895 669 3966 aetati
686 3908 827 3965 nostrae
842 3895 1129 3966 accommodatis:

138 3987 292 4064 Confido
316 4007 351 4064 et
368 3993 517 4062 consilia
541 3993 622 4080 illa,
652 4021 742 4089 quae
769 3996 1011 4066 confirmatior
1036 4015 1131 4069 aetas

138 4093 269 4164 rectius
300 4094 488 4184 intelligit,
522 4109 557 4170 et
588 4097 812 4168 autoritatem
844 4111 1131 4191 praeceptorum,

19 4271 23 4277 ,
138 4195 198 4266 cui
223 4211 425 4268 reverenter
457 4221 523 4267 nos
554 4199 783 4280 subiicimus,
815 4215 1132 4286 excsrsatorascsse,

138 4321 230 4390 quae
246 4297 355 4368 obiici
374 4299 479 4368 aetati
494 4313 635 4370 nostrae
651 4315 832 4394 poterant„
875 4300 1043 4391 Propone
1060 4303 1129 4394 igi-

138 4393 264 4470 tnr'dc
288 4424 385 4477 ruore
409 4412 516 4493 atque
538 4402 699 4473 instituto
722 4398 865 4474 scholae
888 4405 997 4475 veteri
1022 4427 1131 4499 quae-

139 4502 315 4587 stionem,
343 4501 444 4572 cuius
472 4503 658 4594 explicatio
685 4506 882 4576 conducere
907 4505 1036 4598 poterit
1062 4501 1131 4576 hoc

137 4603 225 4673 anni
253 4617 412 4695 ternpore
437 4607 482 4674 ad
510 4607 682 4674 cavendas
712 4609 911 4678 occasiones
938 4609 1129 4679 multarum

137 4701 424 4796 aegritudinum,
449 4719 484 4776 et
505 4707 698 4776 acuendam
721 4707 940 4797 diligentiam
962 4707 1001 4778 iu
1022 4733 1131 4801 appe-

137 4809 208 4877 titu
224 4809 496 4898 compescendo,
521 4823 555 4877 et
570 4803 733 4897 regendis
751 4833 790 4880 ac
811 4805 1039 4882 cohercendis
1055 4834 1132 4880 rna-

137 4910 265 4994 nibus,
303 4933 348 4978 ne
377 4909 550 5002 appetitui
579 4913 821 5002 obsequantur
850 4926 885 4983 et
911 4911 1131 5002 indulgeant,

137 5011 287 5104 scilicet:
328 5007 402 5082 Cur
436 5035 621 5102 praecoces
654 5027 688 5080 et
720 5014 823 5084 crudi
855 5015 1007 5099 fructus,
1042 5037 1131 5108 qnos

138 5105 290 5206 ὀπώρας
311 5127 439 5184 vocant
464 5109 615 5200 Graeci,
646 5114 785 5186 avidius
812 5116 961 5206 ingesti,
992 5115 1129 5186 exulce-

137 5229 221 5306 rent
246 5215 433 5299 intestina,
467 5217 653 5288 commotis
682 5217 752 5288 alvi
779 5217 934 5288 cruentis
957 5212 1131 5288 defluxio-

136 5317 269 5403 nibus,
309 5343 396 5410 quas
429 5312 666 5413 δυσεντερίας
696 5319 906 5411 nominant,
945 5333 981 5390 et
1007 5319 1132 5392 dolore

1197 635 1280 706 tatis
1304 635 1490 705 acredine?
1521 633 1570 706 Et
1591 659 1655 706 eur
1677 639 1835 709 crebrius
1855 635 1924 712 hoc
1941 641 2094 718 efficiant
2109 648 2186 718 tro-

1196 749 1273 806 ctus
1294 736 1498 822 immaturi,
1529 760 1722 828 exgenere
1745 765 1829 812 vero
1858 761 2079 834 cerasorum,
2109 773 2186 835 cur,

1196 862 1286 932 quae
1313 839 1369 908 vel
1397 855 1502 908 carne
1527 853 1691 911 constant
1716 843 1876 934 copiosa,
1917 848 2120 920 succulenta
2146 875 2186 922 ac

1195 939 1423 1032 praepingui,
1449 940 1504 1010 vel
1529 965 1606 1010 rara
1628 942 1772 1036 quidem
1794 947 1854 1016 sed
1876 948 1973 1018 dulci
1989 973 2029 1020 ac
2042 952 2186 1042 sangni-

1194 1066 1261 1112 neo
1278 1043 1417 1136 liquore
1432 1043 1663 1130 exuberante,
1687 1056 1728 1116 ut
1744 1043 1963 1134 Cocciliana,
1988 1047 2181 1138 Doracinr,

1193 1142 1314 1228 Actia,
1337 1135 1564 1235 Aproniana‘,
1589 1146 1701 1235 magis
1715 1171 1821 1241 quam
1836 1151 1991 1246 reliqua,
2015 1177 2107 1247 quae
2121 1181 2182 1227 co-

1192 1245 1267 1314 lore
1293 1259 1413 1316 saturo
1439 1249 1730 1339 purpurascentia
1763 1274 1901 1323 acorem
1938 1255 2097 1346 sapiunt;
2138 1282 2180 1328 er

1191 1371 1319 1436 genere
1341 1371 1539 1438 prunorum
1563 1373 1662 1420 cerea
1687 1352 1796 1442 magis
1820 1367 1856 1426 et
1878 1351 2048 1442 Asinius,
2073 1383 2181 1452 quam

1192 1447 1327 1519 iberica
1342 1449 1417 1518 vini
1433 1473 1557 1542 sapore
1570 1452 1727 1534 aemula,
1754 1455 1848 1524 idem
1864 1457 2022 1548 pariant,
2050 1485 2130 1530 cum
2147 1473 2181 1532 et

1190 1551 1327 1622 fructus
1349 1551 1452 1621 crudi
1475 1565 1511 1622 et
1531 1551 1591 1621 illa
1613 1575 1813 1626 cerasorum
1834 1580 1875 1626 ac
1902 1583 2099 1650 prunorum
2119 1586 2180 1654 ge-

1190 1677 1275 1722 nera
1307 1677 1410 1722 succo
1437 1653 1586 1726 allluant
1614 1655 1765 1745 frigido,
1805 1652 1891 1730 haec
1921 1662 2087 1742 acredine
2114 1687 2179 1734 sua

1190 1757 1381 1845 pungendo
1400 1755 1667 1848 vellicandoque
1690 1772 1829 1829 teneras
1850 1761 2101 1834 intestinorum
2116 1789 2179 1835 cu-

1188 1855 1314 1927 ticulas
1335 1857 1506 1944 stringere
1522 1858 1661 1926 facilius
1684 1873 1717 1932 et
1731 1861 1883 1932 lacerare
1899 1865 2059 1954 possint?
2083 1862 2178 1938 Cau-

1186 1981 1260 2028 saur
1275 1953 1369 2034 hanc
1386 1981 1460 2028 esse
1475 1957 1648 2034 existimo.
1698 1958 1824 2034 Gerasa
1836 1977 1876 2033 et
1897 1989 2012 2056 pruna
2027 1967 2125 2059 largo
2143 1983 2178 2040 et

1186 2083 1299 2152 aqueo
1322 2061 1522 2131 redundare
1544 2084 1667 2147 succo,
1701 2087 1812 2156 eoque
1842 2066 1881 2134 in
1905 2069 1985 2138 aliis
2007 2069 2105 2161 plus,
2136 2071 2175 2140 in

1186 2161 1266 2230 aliis
1279 2162 1398 2264 minus
1413 2161 1529 2230 calore
1543 2162 1629 2232 solis
1645 2180 1817 2254 percocto,
1843 2189 1947 2260 sapor
1966 2171 2094 2260 arguit,
2112 2173 2176 2266 qni

1186 2278 1248 2334 aut
1262 2263 1375 2334 dulcis
1391 2278 1461 2347 est,
1483 2275 1544 2334 aut
1560 2288 1601 2332 ex
1615 2289 1729 2358 aqueo
1745 2269 1790 2336 ad
1805 2268 2031 2342 dulcedinem
2048 2274 2176 2344 obscu-

1186 2389 1262 2434 ram
1288 2365 1420 2450 tendit,
1452 2377 1488 2435 et
1519 2367 1616 2457 quod
1645 2369 1807 2458 decerpta
1844 2373 2006 2460 protinus
2029 2374 2082 2445 vel
2110 2391 2176 2468 pu·

1186 2479 1364 2552 trescuut,
1409 2467 1465 2536 vel
1504 2480 1602 2556 parte
1636 2470 1806 2558 superflui
1841 2467 2002 2544 humoris
2034 2493 2175 2548 extensa

1185 2583 1426 2638 emarcescunt
1440 2581 1475 2638 et
1487 2568 1723 2640 flaccesccudo
1739 2589 1993 2662 corrogantur,
2018 2579 2175 2672 denique

1185 2673 1281 2764 quod
1302 2670 1374 2740 levi
1398 2669 1581 2740 occasione
1606 2671 1699 2742 intra
1719 2696 1793 2744 sese
1820 2698 1956 2744 vermes
1976 2695 2174 2770 procreant,

1185 2796 1339 2865 quorum
1363 2795 1437 2841 non
1460 2785 1512 2842 est
1528 2772 1629 2862 origo
1647 2775 1811 2858 aliunde,
1835 2777 1905 2844 uisi
1928 2801 1968 2846 er
1987 2782 2173 2870 putredine

1184 2867 1347 2944 humoris
1369 2874 1640 2959 excrementitii,
1665 2899 1769 2967 quem
1790 2879 1886 2946 calor
1905 2879 2046 2950 nativus
2063 2883 2173 2953 desti·

1183 2975 1262 3050 tuit.
1313 2973 1474 3046 Dulcedo
1489 2990 1734 3064 argumentum
1751 2992 1803 3048 est
1818 2979 1944 3050 caloris
1961 2981 2070 3066 insiti,
2096 3007 2172 3054 rna-

1183 3077 1358 3170 iuratque
1379 3077 1579 3148 evidentior
1599 3078 1791 3160 uberioris,
1818 3083 1997 3174 ternissior
2012 3098 2048 3156 et
2063 3079 2174 3156 hebe-

1183 3179 1253 3250 tior
1269 3179 1514 3270 languidioris.
1564 3177 1722 3250 Humida
1741 3184 1859 3276 itaque
1876 3184 1936 3254 illa
1951 3209 2043 3272 esse,
2064 3201 2100 3259 et
2115 3187 2172 3260 vel

1182 3281 1311 3370 frigida
1328 3282 1383 3350 vel
1405 3281 1561 3352 tenuiter
1579 3281 1692 3352 calida
1708 3285 1755 3354 ob
1777 3279 2027 3358 humiditatem
2041 3290 2173 3360 erube·-

1183 3397 1319 3452 rantem
1334 3407 1375 3453 ac
1388 3383 1605 3468 vincentem,
1627 3385 1774 3456 minime
1789 3389 1979 3459 obscurum
1996 3403 2059 3462 est.
2096 3389 2171 3462 Ta-

1182 3483 1230 3554 lia
1252 3509 1336 3554 vero
1358 3485 1540 3574 putredini
1560 3485 1812 3581 concipiendae
1831 3514 1871 3558 ac
1890 3491 2064 3563 fovendae
2086 3508 2172 3565 sunt

1182 3587 1333 3655 maxime
1353 3586 1501 3670 idonea,
1533 3585 1642 3679 idque
1670 3599 1705 3658 et
1729 3589 1934 3673 vermiculi,
1963 3593 2030 3684 qui,
2045 3595 2171 3684 prunis

1183 3688 1317 3756 innasci
1333 3701 1602 3772 consueverunt,
1625 3690 1828 3758 ostendunt.
1862 3689 1983 3778 Quare
1997 3715 2078 3764 curn
2093 3695 2170 3762 avi-

1182 3790 1263 3858 dius
1284 3803 1319 3859 ct
1345 3788 1477 3878 largius
1499 3791 1732 3874 devorantur,
1765 3815 1892 3882 corpus
1914 3792 2029 3864 succis
2050 3796 2169 3866 crudis

1182 3881 1337 3982 replent,
1360 3913 1450 3983 quos
1473 3892 1616 3983 quando
1634 3891 1762 3960 debilis
1778 3893 1938 3986 alioquin
1958 3908 1993 3965 et
2015 3895 2169 3966 circum·

1181 3993 1251 4062 lusi
1266 3991 1357 4062 aiiris
1371 4005 1469 4060 aestu
1484 4007 1646 4061 evocatus
1662 4017 1701 4061 ac
1716 3993 1894 4084 dispersus
1909 3997 2006 4066 calor
2026 3997 2169 4070 nativus
2210 4007 2213 4012 '

1183 4095 1323 4164 vincere
1346 4093 1488 4186 nequit,
1515 4093 1628 4163 relicti
1648 4093 1701 4161 illi
1724 4121 1743 4163 a
1767 4109 1916 4188 natsrra,
1940 4114 1974 4170 ct
1988 4100 2034 4170 ab
2052 4099 2168 4171 alieno

1182 4196 1298 4266 calore
1320 4195 1568 4279 circumventi,
1597 4211 1878 4288 corrumpuntur
1900 4218 1940 4270 ac
1966 4215 2169 4290 putrescunt

1183 4312 1279 4367 tanto
1296 4296 1418 4378 citius,
1442 4309 1575 4388 quanto
1593 4297 1742 4368 solidius
1759 4323 1886 4389 corpus
1900 4327 1939 4371 ac
1955 4303 2169 4394 compertius

1182 4397 1484 4468 obstructionihus
1513 4399 1652 4468 lucilius
1676 4401 1878 4491 corripitur.
1935 4401 2062 4472 Calore
2086 4427 2166 4492 ergo

1183 4499 1434 4589 putrefaciente
1457 4499 1699 4570 incenduntur
1714 4517 1748 4571 et
1767 4518 1957 4572 acuuntur:
1984 4507 2032 4582 de¹
2048 4519 2167 4595 putre·

1181 4603 1334 4672 factione
1357 4601 1529 4670 lentorem
1550 4603 1739 4694 acquirunt
1762 4605 1991 4685 tenaciorem,
2018 4613 2172 4699 cumque¹

1182 4721 1216 4774 et
1230 4727 1337 4774 onere
1352 4717 1385 4772 et
1398 4703 1562 4772 acredine
1577 4705 1704 4774 caloris
1719 4705 1884 4775 infestent
1898 4720 2079 4790 naturam,
2103 4708 2169 4776 eii»

1182 4802 1327 4877 ciuntur
1355 4807 1497 4876 tandem
1520 4805 1565 4874 ab
1597 4805 1658 4876 illa
1689 4807 1844 4890 irritato,
1876 4809 1935 4876 sed
1963 4808 2099 4878 tardius
2122 4811 2171 4878 ob

1182 4909 1354 4979 lentorem
1371 4923 1596 4997 prorepentes
1614 4909 1781 4978 insistunt
1794 4907 1946 4978 subinde
1959 4936 1999 4980 ac
2013 4905 2171 4995 haerent,

1182 5011 1367 5102 caloreque
1383 5009 1526 5101 putrido
1544 5010 1702 5099 affligunt
1720 5003 1840 5098 hepar,
1860 5012 2036 5082 acredinis
2051 5035 2170 5082 morsu

1182 5113 1333 5181 erodunt
1363 5111 1542 5184 intestina.
1595 5108 1860 5205 haustamque
1885 5111 2107 5184 affectionem
2136 5129 2172 5186 et

1184 5213 1370 5285 retentrice
1391 5208 1531 5302 hepatis
1544 5211 1724 5282 debilitata
1749 5227 1784 5283 et
1801 5214 1967 5284 sauciatis
1984 5215 2172 5300 intestinis,

1182 5313 1414 5408 consequitur
1434 5313 1551 5384 fluxus
1572 5313 1647 5384 alvi
1668 5330 1854 5405 cruentus,
1879 5317 1944 5412 qni
1957 5340 1999 5388 co
2012 5329 2066 5386 est
2080 5317 2174 5410 peri-

1457 5409 1542 5488 55*
