4896 5974
130 109 202 236 sss
861 152 1178 276 assumunt
1228 151 1336 227 om.
1362 155 1417 268 ¹.¹·
2004 194 2007 200 ·
2088 165 2163 242 5⁵4

167 345 225 412 gx
250 343 425 414 maram
445 339 711 416 pemmonis
732 339 779 412 rte
804 337 1080 432 corruptelam
1171 323 1220 399 Et
1235 351 1325 420 quos
1340 321 1532 402 Ambrosia
1548 333 1665 419 dulci,
1690 336 1848 431 vinoque
1863 338 2012 430 rigarat,

522 446 721 544 gemm·
1221 426 1275 499 Ne
1292 432 1382 502 desit
1397 433 1491 502 succi
1507 434 1608 526 copia
1623 435 1721 527 larga
1733 440 1832 515 boni.

1170 525 1241 601 Hei
1255 527 1346 602 mihi
1363 557 1427 606 cur
1442 547 1559 606 tantae
1573 560 1648 608 non
1663 542 1717 612 uti
1733 565 1883 613 munere
1898 543 2020 628 divae,

1219 633 1387 706 Difficilis
1401 638 1530 706 medici
1545 657 1602 708 me
1618 663 1711 712 nova
1727 665 1810 715 cura
1827 645 1938 720 sinit?

1168 731 1243 806 Has
1259 733 1352 808 mihi
1365 741 1427 833 qui
1442 741 1545 810 toties
1557 743 1686 826 ferales
1700 744 1788 818 dicit
1805 737 1953 838 epodas,

1220 837 1386 912 Caseolos
1399 841 1550 914 Veneris
1567 844 1645 917 dira
1660 871 1799 919 venena
1815 863 1928 943 putes.

130 592 274 666 Publica
300 619 376 668 non
401 619 549 688 prorsus
574 598 670 670 volat
696 597 790 666 fama
816 618 882 688 per
905 615 1027 678 auras,

130 693 286 792 Namque
312 711 363 770 est
389 699 515 770 iudicii
539 700 655 770 divini
680 700 813 770 nuncia
839 721 952 790 saepe.

131 1069 191 1147 Nu.
212 1069 295 1146 146.
486 1121 494 1140 .
594 1107 600 1114 ·
953 1095 1002 1139 an.
1020 1073 1115 1140 1⁵38.

131 1169 293 1207 Μ
934 1163 1107 1212 Μ

1167 1187 1336 1282 Natta.
1942 1229 2006 1310 (gn,
2023 1227 2106 1292 1538
2117 1227 2150 1310 p)

192 1271 275 1343 Apud
288 1269 418 1327 Vincent.
429 1270 522 1338 nst„
540 1267 588 1341 qui
599 1269 742 1340 adscripsit
754 1287 798 1327 an.
811 1267 885 1323 ¹588.
910 1268 1022 1338 Legitur
1033 1267 1114 1324 etiam
1174 1306 1345 1334 mm

226 1357 290 1398 cum
305 1339 409 1398 Meiclr.
422 1339 534 1396 Acontii
549 1339 670 1394 carmine
684 1341 714 1392 in
727 1339 815 1394 libro:
831 1337 923 1412 „t’hit
935 1339 1114 1396 Mel.oratio-
1958 1321 2016 1354 “““
2042 1331 2054 1353 “
2084 1321 2151 1357 *¹*

224 1428 407 1471 aesomnes,
434 1411 478 1464 ed.
502 1408 563 1464 Nic.
585 1407 763 1468 Gerbelius.”
810 1395 1054 1480 Arg'entor.1542.
1086 1410 1114 1464 4.
1236 1405 1311 1478 Opp.
1328 1403 1409 1488 Bapil.
1427 1405 1461 1464 T.
1477 1407 1512 1463 V.
1534 1427 1562 1480 p.
1580 1409 1643 1468 888.
1678 1415 1759 1485 Apud
1777 1415 1906 1478 Vinceut.
1928 1438 1955 1492 p.
1969 1416 2013 1473 68.
2049 1416 2160 1473 ltemin

224 1500 252 1552 p.
268 1480 331 1538 887.
1268 1475 1386 1546 scriptu
1405 1479 1481 1548 publ.
1493 1478 1574 1538 Tom.
1588 1482 1609 1538 l.
1627 1501 1652 1554 p.
1666 1483 1729 1540 482.

127 1647 168 1714 ln
202 1637 410 1734 Epicadion
444 1633 661 1710 Melclcioris
689 1635 843 1706 Acontit
875 1631 924 1708 de
955 1638 1112 1708 Erusmo
1164 1638 1314 1710 Solonis
1339 1639 1483 1733 elegia,
1511 1643 1632 1714 citutu
1649 1666 1674 1715 u
1699 1647 1974 1740 Deurcstlrene,
2002 1647 2050 1722 de
2066 1670 2160 1721 cuu-

381 1738 631 1854 Roterodumo
657 1742 856 1829 scriptum.
1164 1744 1219 1812 sia
1249 1761 1346 1835 quae
1378 1735 1567 1833 adferunt
1596 1751 1758 1821 esitium
1783 1757 1912 1848 repnte
1937 1761 1978 1824 et
2007 1755 2160 1849 mugnis

127 1897 295 1990 Quamvis
304 1896 442 1987 ingrata
454 1907 506 1965 est
516 1888 705 1962 hominum
715 1903 860 1971 natura,
880 1914 1111 1986 necunquam
1318 1843 1572 1937 ‘'mallim’'
1591 1869 1812 1953 ⁰⁰”⁰⁰'⁸“,⁰
1828 1851 1897 1927 Pll·
1914 1857 2005 1928 Mel·

170 1996 338 2074 Reddere
355 1997 590 2091 promeritis,
617 1994 773 2085 praemia
786 1995 876 2063 iusta
894 1995 994 2064 solet.
1164 1993 1247 2064 Non
1263 1995 1389 2064 urbem
1407 1995 1526 2086 superi
1544 1999 1693 2090 cupiunt
1710 1997 1865 2082 euertere
1881 2018 2072 2090 nostram„

123 2103 227 2176 Nulla
246 2101 367 2172 tamen
383 2101 506 2170 laudes
520 2112 615 2168 aetas
631 2096 789 2168 abolebit
804 2092 960 2182 Erasmi,
1149 2171 1150 2179 χ
1215 2094 1264 2166 Et
1277 2092 1402 2183 nobis,
1436 2097 1507 2166 nisi
1523 2099 1596 2170 sint
1609 2098 1766 2175 Numina
1783 2105 1895 2187 laesa,
1925 2107 2055 2179 favent.

170 2205 254 2276 Nou
270 2203 419 2274 omnino
435 2202 527 2274 mori
541 2199 653 2291 gloria
672 2197 754 2269 uera
770 2211 896 2291 potest.
1166 2198 1218 2268 Ac
1233 2211 1375 2268 nostrae
1392 2211 1508 2268 custos
1524 2203 1613 2272 arcia
1628 2203 1793 2277 Tritonia
1811 2207 1948 2290 Pallas,

121 2308 344 2400 Scriptorum
362 2305 498 2377 utilitas
516 2303 640 2392 ingens
656 2302 797 2374 fastidia
813 2302 947 2384 vincet,
1216 2298 1390 2391 Perpetua
1405 2323 1489 2370 eura
1504 2305 1643 2376 moenia
1662 2321 1783 2379 nostra
1799 2310 1895 2402 tegit.

167 2407 218 2482 Et
232 2410 362 2483 mixtae
378 2403 560 2492 Charites,
594 2418 628 2475 et
642 2406 739 2476 nitor
754 2418 858 2498 atque
873 2401 982 2494 lepos.
1166 2401 1238 2498 ipsi
1255 2398 1316 2472 sed
1332 2403 1481 2493 patriam
1496 2405 1672 2480 sceleratis
1689 2411 1869 2482 mentibus
1885 2412 1981 2483 ultro
2021 2442 2025 2452 ’

117 2513 201 2588 Non
217 2513 334 2583 aliena
349 2523 479 2603 augent
493 2509 603 2599 igitur
616 2507 803 2600 praeconia
820 2507 968 2590 famam,
1212 2501 1400 2576 Conantur
1415 2506 1507 2575 cives
1524 2509 1716 2582 dilacerare
1734 2536 1845 2586 suam.

169 2613 368 2700 Aeternum
385 2613 526 2706 peperit
538 2634 621 2681 nam
638 2613 744 2681 decus
760 2610 834 2700 ipse
848 2609 930 2680 sibi.
1165 2605 1254 2676 Nam
1271 2607 1389 2698 precio
1405 2608 1549 2701 quidam
1566 2615 1727 2686 vendunt
1742 2617 1904 2710 legesque
1919 2617 2115 2710 fidemque,

118 2718 191 2792 Sed
202 2734 322 2789 tamen
332 2733 383 2790 est
392 2717 503 2808 pictas
515 2713 649 2784 meritis
659 2707 755 2784 hunc
770 2713 916 2783 reddere
926 2703 1113 2793 honarum,
1217 2703 1358 2778 Aurum
1378 2711 1440 2804 qui
1455 2712 1555 2781 nullo
1573 2715 1650 2784 iure
1667 2719 1844 2811 modoque
1859 2733 1993 2810 petunt.

168 2817 219 2892 Et
235 2834 334 2912 grata
349 2841 481 2889 munus
497 2841 582 2888 voce
599 2815 732 2886 referre
746 2815 881 2888 datum.
1090 2807 1091 2814 '
1122 2855 1126 2862 ,
1165 2810 1356 2884 Saevitiam
1375 2826 1558 2902 exercent,
1590 2831 1624 2887 et
1641 2817 1755 2889 tristia
1774 2821 1922 2892 crimina
1939 2819 2106 2920 caedis¹),

117 2921 198 2994 Hoc
213 2923 334 2994 animo
351 2944 493 2992 carmen
508 2919 683 2990 facundus
697 2913 873 2988 Acontius
891 2913 981 2994 edit,
1215 2911 1345 2984 Induat
1362 2928 1402 2984 ut
1419 2915 1532 2986 iustus
1548 2917 1685 3006 civibus
1702 2945 1799 2992 arma
1815 2924 1930 2998 dolor.

171 3025 255 3116 Quo
269 3025 424 3095 celebrat
439 3023 563 3096 laudes
578 3019 818 3093 Roterodame
833 3033 928 3102 tuas,
1163 3013 1250 3122 Pars
1265 3017 1383 3086 studet
1397 3029 1432 3088 et
1446 3019 1583 3090 sancire
1598 3024 1790 3096 domestica
1805 3027 1932 3100 damna
1948 3027 2098 3118 rapinis,

119 3125 202 3199 Non
217 3151 307 3198 vena
321 3128 469 3218 indigna
488 3139 560 3211 est,
583 3148 673 3218 quae
687 3145 855 3212 magnum
875 3131 990 3192 cantet
1003 3113 1110 3188 Eras-
1213 3113 1389 3189 Exhausit
1403 3119 1534 3212 patrias
1548 3147 1628 3193 cum
1646 3127 1738 3195 male
1752 3127 1855 3198 luxus
1871 3151 1967 3222 opes.

179 3231 182 3236 ’
632 3249 751 3310 mum,
1124 3303 1126 3310 Ι
1163 3217 1419 3314 Diripiuutque
1433 3221 1534 3296 urbis.
1550 3227 1763 3318 patrimonia
1778 3231 1921 3322 publica
1935 3245 2085 3306 nostrae.

174 3329 293 3406 Officii
308 3333 451 3403 laudem
465 3331 526 3402 sed
540 3321 656 3420 magis'
672 3327 733 3398 ille
755 3327 852 3419 petit.
1145 3399 1148 3404 ¹
1213 3319 1262 3391 Et
1277 3323 1346 3391 sibi
1362 3325 1505 3394 divitias
1522 3329 1626 3421 vique
1641 3332 1797 3425 doloque
1813 3347 1949 3427 parant.

1163 3419 1210 3494 Et
1227 3447 1302 3492 non
1317 3424 1473 3495 iustitiae
1488 3429 1684 3502 formidant
1698 3457 1832 3504 numen
1848 3451 1882 3508 et
1898 3439 2007 3516 iram,

1212 3523 1382 3597 Consiliis
1399 3551 1568 3620 superum
1583 3557 1673 3626 quae
1692 3535 1770 3604 Dea
1785 3559 1922 3629 semper
1939 3540 2046 3607 adest.

1124 3673 1128 3682 ·
1161 3625 1258 3698 Haec
1273 3629 1385 3699 oculis
1401 3632 1514 3701 cernit
1528 3633 1759 3724 vigilantibus
1772 3640 1892 3708 omnia
1908 3639 2018 3719 facta,

122 3732 185 3810 No·
206 3735 287 3810 147,
554 3729 555 3732 ’
938 3755 986 3800 eu.
1003 3733 1108 3796 1538.
1212 3729 1325 3802 Nemo
1345 3745 1444 3822 putet
1460 3733 1537 3802 lalli
1550 3734 1706 3807 Numina
1717 3737 1746 3832 ²)
1766 3763 1867 3832 posse
1883 3738 2010 3812 Deum.

930 3823 1102 3854 ’Ν
1161 3827 1209 3902 Et
1225 3834 1387 3926 quamvis
1403 3859 1534 3926 poenas
1550 3838 1668 3910 differt
1680 3841 1892 3935 aliquando,
1918 3845 2107 3937 tacetquet'

187 3931 578 4056 Attfflflt‘fl¹·g·¹i⁰·*
612 3928 754 3984 ¹¹⁰⁰¹¹⁸‘·'⁶
767 3925 925 3979 Menandro
946 3925 1000 4010 l³¹¹²
1021 3927 1109 3983 atton
1166 3973 1172 3981 ·
1212 3933 1336 4004 Mente
1349 3947 1467 4004 tamen
1482 3942 1631 4010 memori
1645 3941 1735 4014 lacta
1750 3945 1903 4014 nefanda
1924 3959 2035 4018 notat.

219 4009 247 4063 in
270 4005 384 4078 epistola
406 4019 422 4056 a
465 4001 558 4055 Vnum
576 3997 753 4054 Theodorum
774 3997 834 4051 Vol.
846 3995 893 4050 ΙΙΙ.
911 4005 989 4068 epist.
1010 4017 1037 4068 p.
1048 3999 1108 4054 587.

219 4077 276 4132 Pro
298 4073 465 4144 ‚prunnon
494 4080 535 4124 eu
561 4067 660 4122 tows’·
686 4067 814 4122 vincent.
838 4065 911 4120 dedit
938 4083 1039 4138 „pror
1069 4075 1108 4122 eu
1160 4031 1280 4126 Exigit
1295 4051 1329 4107 et
1344 4040 1486 4108 tandem
1500 4053 1651 4132 poenas,
1684 4050 2083 4138 nunregnaneourbes

216 4143 340 4216 boucc”,
356 4153 383 4198 et
397 4159 477 4199 verm
492 4158 548 4212 seq.
563 4147 607 4194 cst
619 4139 850 4232 postadmodum
863 4135 1019 4191 nonhabet.
1138 4197 1139 4200 Ἰ
1211 4135 1550 4230 Effugiunqclades,
1585 4171 1866 4240 quamtum,
1899 4175 2032 4242 gram·

1159 4239 1255 4310 Hinc
1269 4245 1356 4311 urbs
1370 4243 1507 4314 divitiis
1524 4252 1724 4340 quondam,
1750 4253 1971 4348 imperioque
1988 4256 2152 4348 superba,

1209 4341 1355 4414 Servitii
1371 4346 1504 4436 patitur
1518 4349 1631 4421 tristia
1648 4353 1725 4432 iura
1742 4357 1859 4428 modo.

1159 4441 1234 4516 Aut
1248 4447 1367 4524 rabidi
1382 4447 1477 4517 cives
1490 4449 1530 4520 iu
1545 4467 1668 4524 mutua
1684 4457 1831 4528 vulnera
1847 4457 2028 4546 stringunt

1212 4543 1344 4618 Exorta
1360 4549 1495 4639 gladios
1511 4555 1685 4627 seditione
1700 4581 1794 4634 suos.

1158 4642 1233 4720 Aut
1246 4650 1383 4722 validos
1399 4645 1517 4724 hostes
1530 4657 1607 4730 sine
1622 4683 1724 4730 causa
1740 4663 1831 4733 lorte
1851 4661 2045 4747 lacessunt,

1207 4750 1442 4848 Sopitumque
1455 4773 1601 4830 movent
1616 4763 1711 4854 quod
1727 4763 1796 4834 fuit
1811 4777 1892 4833 ante
1908 4763 2053 4838 malum.

381 4891 633 4978 Praeceptum
657 4872 836 4978 ὑγιείνου.
916 4887 919 4894 “
1155 4851 1319 4949 Namque
1333 4860 1438 4939 urbs,
1465 4883 1555 4954 quae
1567 4863 1681 4934 socios
1693 4864 1833 4935 iniustis
1849 4879 2016 4956 provocat
2029 4867 2148 4951 armis,

563 4973 572 4999 ’
1204 4953 1293 5028 Mor
1307 4973 1406 5046 ruet,
1433 4974 1468 5034 et
1484 4963 1612 5035 subitis
1628 4977 1680 5036 est
1694 4966 1850 5057 peritura
1866 4967 1995 5047 modis.

122 4521 186 4598 No.
206 4523 287 4600 148.
927 4545 974 4586 an.
997 4527 1089 4590 1538.

137 4623 269 4653 W*
917 4623 1103 4666 &ew

183 4731 216 4784 lu
229 4747 295 4802 opp.
308 4723 390 4781 Basil.
403 4723 437 4777 T.
452 4719 485 4777 V.
501 4719 599 4792 pass.
617 4723 643 4772 et
657 4717 728 4788 apud
739 4715 870 4804 vincent.
886 4735 916 4800 p.
930 4721 986 4775 llo.

115 5045 278 5120 Caseolos
291 5037 382 5112 mihi
398 5041 521 5133 pulcra
536 5036 660 5108 Venus
674 5033 830 5104 donabat
842 5033 1014 5122 edendos,

162 5149 297 5224 Sedula
312 5167 403 5241 quos
417 5141 537 5233 digitis
551 5149 725 5232 presserat
741 5135 817 5228 ipsa
830 5136 914 5206 suis.
1022 5231 1023 5235 Ἰ

112 5247 158 5326 Et
174 5255 266 5326 benc
282 5252 478 5339 fragrantes
492 5243 623 5339 quibus
638 5242 905 5332 intersperserat
921 5231 1068 5326 herbas,

1154 5129 1382 5143 —-—---..

1189 5217 1455 5359 ”siliginem
1485 5220 1655 5290 rapiuntque
1684 5225 1837 5293 trrumt'da
1860 5229 1981 5328 'quidum
2009 5191 2090 5280 Basil.
2120 5238 2147 5284 et

160 5355 308 5452 intyba,
334 5349 564 5428 Samsucum,
588 5342 731 5418 Cirsion
747 5355 982 5438 atquerosas,
1185 5371 1217 5444 ς)
1234 5379 1372 5441 nummo]
1388 5373 1497 5430 mc„
1516 5373 1620 5430 ML·
