4864 5980
798 1609 1535 1756 rannuonnnun.x

1010 1924 1262 1942 m

115 2139 308 2276 Philippus
337 2191 530 2262 Melanthea
561 2193 670 2274 quanti
700 2193 814 2257 lecerit
843 2206 945 2259 artem
974 2195 1153 2278 poetieam,
1180 2193 1251 2276 ipse
1279 2196 1412 2276 saepius
1441 2193 1614 2278 professus
1643 2209 1695 2261 est
1718 2198 1748 2260 in
1774 2199 1922 2282 epistolis
1947 2199 1988 2264 ad
2018 2201 2152 2262 amices.

117 2279 194 2344 Noa
216 2281 301 2340 euim
325 2279 430 2344 solum
454 2277 551 2342 valde
572 2278 794 2342 delectabatur
814 2281 1027 2362 carminibus,
1048 2280 1109 2342 sed
1132 2282 1229 2343 etiam
1253 2281 1389 2344 libenter
1410 2283 1626 2364 agnoscebat,
1655 2303 1800 2364 „verram
1822 2284 1976 2348 fundendi
1999 2284 2151 2348 carminis

116 2366 284 2447 copiosam
307 2381 347 2426 ac
369 2363 497 2428 dulcem
519 2365 646 2426 omnino
662 2363 726 2426 Dei
748 2381 831 2447 opus
852 2368 968 2448 esse'',
990 2377 1026 2430 ut
1047 2367 1119 2447 ipse
1141 2365 1273 2446 scripsit
1294 2366 1334 2428 ad
1348 2365 1540 2448 lluddeum,
1562 2367 1645 2448 llpp.
1661 2367 1786 2432 Volx.
1809 2388 1839 2450 p.
1855 2369 1929 2432 939.
1968 2369 2026 2432 ·De
2041 2369 2151 2452 digui-

114 2459 185 2514 tate
198 2453 342 2532 poeseos
359 2450 490 2512 uberius
505 2466 599 2512 suem
620 2451 1028 2533 sententiamperscripsit
1051 2451 1083 2514 in
1106 2449 1255 2532 epistolis
1271 2451 1345 2514 Vol.
1358 2453 1382 2514 1.
1406 2471 1437 2534 p.
1451 2449 1527 2516 573.
1543 2461 1575 2516 et
1588 2451 1662 2516 Vol.
1677 2453 1735 2516 lll.
1753 2473 1785 2539 p.
1799 2453 1874 2518 393.
1898 2465 1932 2518 et
1953 2455 1985 2518 in
2008 2455 2152 2518 carmine

116 2532 300 2618 ιιι.1539.,
322 2534 408 2616 quod
428 2535 554 2616 incipit:
582 2533 650 2615 „Si
669 2533 770 2597 decus
789 2535 980 2598 Ausoniae”
1002 2547 1065 2600 etc.
1263 2548 1267 2556 ·
1721 2551 1723 2556 ’

245 2647 432 2713 Secundum
455 2651 609 2712 rationem
633 2647 719 2710 illius
744 2667 823 2712 vero
847 2649 967 2732 seculi,
997 2657 1033 2713 ut
1054 2647 1111 2712 viri
1134 2646 1221 2712 docti
1249 2647 1280 2710 in
1309 2647 1454 2712 familiari
1477 2649 1641 2714 literarum
1664 2653 1858 2716 commerdio
1881 2673 1943 2716 non
1967 2654 2029 2718 uisi
2051 2653 2151 2718 latina

115 2739 228 2820 lingna
249 2733 437 2817 utebantur,
459 2735 508 2797 sic
532 2735 629 2798 etiam
651 2731 689 2814 ii,
711 2733 764 2816 qui
778 2737 894 2796 venam
916 2731 1076 2818 poeticam
1099 2733 1205 2797 allen
1227 2743 1443 2814 aeceperunt,
1463 2735 1604 2797 carmina
1617 2753 1679 2799 sua
1700 2757 1762 2798 non
1777 2739 1952 2800 vernacula
1966 2737 2026 2800 red
2043 2739 2152 2820 latina,

116 2825 171 2886 vel
194 2823 293 2884 etiarn
315 2837 433 2902 graeca
457 2820 566 2900 lingua
589 2817 768 2900 canebant,
798 2829 834 2882 ut
856 2819 1011 2882 llobaous
1034 2819 1185 2896 Hessos,
1214 2818 1397 2898 Busohius,
1425 2819 1489 2882 lao.
1511 2817 1683 2902 Micyllus,
1716 2821 1834 2904 Georg.
1858 2823 2011 2903 Sabinus,
2042 2821 2152 2884 leaclt.

118 2907 345 2986 Camerarius,
367 2907 412 2966 lo.
428 2904 606 2986 Stigelrus,
629 2902 790 2985 Georgius
806 2903 975 2966 Fabricius
998 2904 1125 2985 aliique.
1171 2903 1332 2966 Petebant
1349 2902 1541 2966 scholarum
1564 2903 1738 2988 preelecti,
1763 2916 1797 2968 et
1818 2925 1881 2968 non
1895 2907 2015 2988 inepte,
2037 2925 2151 2968 omrres

117 2995 249 3074 omnino
270 2991 489 3052 scholasticos
512 2986 740 3060 exercitandos
763 3007 842 3051 esse
863 2989 894 3052 iu
917 2989 1158 3070 componendis'
1170 2988 1363 3068 carminibus
1386 2988 1511 3055 latinis.
1532 2991 1644 3070 partim
1665 2999 1700 3052 ut
1713 3001 1859 3056 veterum
1881 2993 2022 3060 carmina
2036 2991 2152 3064 melius

116 3077 355 3158 intelligerent,
375 3093 550 3156 eorumque
572 3074 802 3154 praestantiam
824 3074 929 3136 enimn
952 3074 1126 3148 sentirent,
1148 3074 1261 3154 partim
1285 3081 1319 3134 ut
1337 3082 1427 3135 recte
1444 3074 1651 3154 pronuntiare
1665 3075 1827 3140 discerent
1840 3085 1874 3140 et
1890 3077 2022 3158 regulas
2036 3093 2151 3157 gram·

116 3165 257 3232 matites
278 3160 394 3224 melius
419 3160 648 3308 perspicerent.
691 3153 765 3238 (Cf.
786 3157 1008 3224 Melantbonis
1035 3156 1192 3240 praelatio
1214 3157 1255 3219 ad
1277 3157 1402 3239 Micylli
1432 3158 1530 3220 libros
1558 3157 1600 3219 de
1629 3161 1866 3237 remetallica,
1894 3161 1977 3243 llpp.
1998 3161 2073 3224 Vol.
2094 3159 2152 3222 lll.

117 3271 148 3334 p.
161 3247 229 3312 756
248 3245 350 3328 eqd).
392 3243 465 3324 Qua
511 3241 869 3308 accusametentboo
897 3260 1026 3326 quoque
1053 3243 1191 3308 iuvenes
1219 3260 1300 3304 suae
1322 3242 1512 3326 discipliuae
1540 3241 1675 3309 traditor
1703 3247 1736 3308 in
1759 3243 2152 3310 carminibus'soribendir

116 3330 302 3398 exercebat.
321 3403 324 3406 ,
346 3327 401 3395 Cl.
422 3329 506 3413 Epp.
529 3327 658 3392 votx.
679 3347 710 3410 p.
722 3327 797 3392 1157.

246 3445 299 3508 De
314 3444 385 3507 suis
400 3451 508 3506 autern
523 3441 717 3506 carminibus
731 3441 857 3506 Noster
871 3441 1113 3508 modestissime
1126 3461 1261 3525 semper
1274 3442 1450 3524 iudicabat,
1472 3445 1577 3527 iisqne
1596 3447 1731 3526 pretinm
1753 3447 1822 3510 lere
1839 3449 1959 3512 nullum
1974 3447 2153 3530 statuebam

116 3534 210 3598 entus
229 3527 412 3594 modestiae
431 3527 588 3612 epistolae
602 3527 672 3590 eius
690 3528 856 3592 continent
870 3529 972 3592 multe
991 3531 1187 3594 testimonia.
1231 3529 1288 3592 Sic
1301 3529 1341 3591 ad
1356 3527 1574 3592 camerarium
1599 3533 1637 3592 Τ.
1653 3533 1676 3593 1.
1699 3551 1729 3612 p.
1743 3532 1834 3596 809.:
1857 3533 1914 3616 „0
1933 3535 2153 3614 meiueptum‚

141 3619 174 3682 ui
201 3615 298 3680 vebis
325 3613 430 3677 audeo
457 3631 550 3676 meos
578 3629 699 3676 versus
730 3613 874 3692 mittere,
903 3614 1158 3696 elegantissimis
1189 3613 1370 3678 hominibus
1397 3614 1522 3676 insulsa
1549 3619 1728 3696 poemate!
1782 3616 1865 3680 Item
1897 3615 1938 3679 ad
1967 3616 2152 3698 Huddeum,

117 3640 253 3769 Nomi.
274 3697 414 3782 patae·
436 3698 656 3779 „Versiculos
678 3715 770 3760 meos
794 3699 864 3760 scio
882 3697 1007 3762 ieiunos
1028 3708 1060 3762 et
1081 3699 1208 3778 ineptos
1232 3716 1326 3779 esse,
1350 3709 1384 3762 et
1405 3697 1511 3764 malim
1533 3717 1593 3778 eos
1614 3719 1676 3761 non
1698 3697 1758 3763 cdi
1802 3701 1878 3782 ligo
1896 3691 2009 3762 videor
2028 3699 2152 3764 Mareia

118 3799 176 3854 aut
194 3803 316 3850 corvus
333 3785 418 3846 inter
436 3801 563 3867 cygnos
586 3783 771 3846 crocitare.”
815 3783 872 3845 cf.
893 3784 992 3846 etiarn
1012 3783 1095 3866 llpp.
1119 3781 1194 3846 Vol.
1210 3783 1284 3846 Vll.
1304 3803 1336 3866 p.
1350 3783 1425 3845 962.
1467 3783 1587 3866 Neque
1608 3785 1719 3865 negari
1737 3794 1866 3868 potest,
1890 3785 1922 3848 in
1941 3785 2152 3848 Melantbone

119 3873 313 3938 facultatem
333 3868 439 3932 iudicii
458 3869 610 3932 maiorem
632 3866 737 3930 luisse
760 3883 856 3949 quam
876 3868 1052 3951 percurrite
1073 3867 1253 3946 fervorem,
1282 3885 1346 3948 quo
1364 3871 1482 3949 potitae
1503 3868 1535 3930 in
1555 3867 1653 3931 altum
1676 3867 1839 3950 feruntur,
1868 3879 1901 3932 et
1919 3870 2059 3933 carmina
2079 3869 2152 3933 eiua

117 3960 230 4044 potios
250 3954 447 4018 errationis
470 3954 667 4036 cogitatione
687 3962 763 4015 nata
783 3969 878 4034 esse,
901 3971 995 4034 quam
1015 3969 1199 4015 exsensus
1219 3951 1358 4015 fervore.
1381 3949 1541 4014 ·0muino
1564 3953 1647 4016 enim
1668 3957 1774 4036 magis
1795 3955 1836 4019 ad
1857 3953 2033 4018 doctrinam
2056 3971 2152 4036 quarn

117 4045 160 4112 ad
179 4043 295 4128 poesin
315 4049 386 4102 erat
404 4039 563 4104 formatus
583 4058 602 4102 a
627 4047 763 4117 natura,
790 4039 875 4120 quod
904 4037 1000 4101 etiarn
1020 4039 1092 4119 ipse
1113 4037 1334 4120 agnoscebat,
1359 4034 1500 4118 ideoque
1522 4036 1563 4101 de
1590 4055 1629 4102 ee
1650 4057 1769 4106 versas
1789 4041 1982 4122 usurpabat:

590 4157 688 4208 lurida
706 4169 750 4205 rae
766 4154 870 4218 sprolls
888 4157 988 4206 natura
1005 4154 1128 4205 coercuit
1144 4153 1240 4218 arcta,

627 4225 732 4288 ingenit
751 4225 825 4276 vires
843 4225 1011 4290 exiguaeque
1028 4225 1112 4276 dedit.

119 4297 196 4364 lid
217 4295 300 4378 Epp.
320 4291 396 4357 Vol.
411 4287 500 4362 Vllb
524 4313 553 4376 p.
569 4291 642 4356 tto.
662 4304 696 4358 et
713 4312 745 4374 p.
757 4291 832 4356 ert.

250 4411 370 4492 Neque
382 4407 476 4472 Deus
489 4409 688 4472 blelentlmni
703 4419 913 4472 concesserat
926 4407 1021 4470 dulce
1038 4405 1114 4470 illud
1130 4407 1246 4489 otium,
1268 4405 1353 4490 quod
1371 4407 1477 4489 poetis
1491 4407 1531 4471 ad
1550 4407 1714 4492 gignenda
1733 4409 1874 4473 carmina
1888 4407 2014 4471 omnine
2029 4425 2152 4469 neces-

120 4503 241 4565 mium
262 4507 330 4577 est3
363 4496 426 4557 irno
440 4512 526 4556 vena
540 4494 740 4557 blelantboni
757 4511 918 4556 concessa
932 4493 1108 4554 innumeris
1130 4493 1308 4574 laboribus,
1331 4509 1414 4573 quos
1431 4494 1462 4554 in
1481 4512 1521 4554 sc
1535 4495 1703 4575 suscipere
1717 4493 1873 4576 debebat,
1894 4488 2156 4574 exhauriebatur,¹

121 4601 156 4651 et
173 4584 286 4648 ferror
305 4581 375 4643 eiua
395 4581 541 4660 poeticus
565 4579 669 4660 curis,
690 4579 852 4642 aerumnis
874 4589 907 4640 et
927 4577 1183 4640 cavillationibus
1202 4577 1400 4640 inimicorum
1423 4579 1586 4641 homiuum
1608 4578 1842 4642 suffocabatur.
1870 4578 1978 4660 „Mihi
1991 4611 2030 4622 -
2046 4576 2152 4657 (sori-

120 4674 165 4736 bit
186 4671 271 4752 Epp.
291 4664 367 4729 Vel.
383 4665 441 4728 lll.
460 4683 494 4746 p.
508 4663 620 4746 7511),
642 4666 672 4726 si
692 4661 767 4746 quid
787 4662 846 4726 luit
869 4661 1007 4744 ingenii,
1029 4672 1255 4744 consumptum
1276 4673 1329 4726 est
1351 4662 1381 4724 iu
1404 4663 1480 4724 rixis
1494 4662 1741 4745 disputationum
1763 4673 1797 4727 et
1817 4665 1848 4726 in
1861 4679 1979 4744 magne
1995 4663 2154 4725 varietate

122 4757 344 4841 negotiorum,
376 4750 408 4813 in
429 4751 546 4832 quibus
565 4744 763 4812 versamur.''
784 4781 821 4794 -
868 4793 888 4830 „
897 4746 994 4810 Nosti
1018 4747 1149 4828 (scribit
1170 4748 1309 4830 Stigelie
1330 4747 1404 4811 Vol.
1418 4747 1476 4812 Vl.
1500 4767 1532 4830 p.
1545 4747 1640 4832 817.)
1668 4749 1805 4813 maciem
1831 4757 1962 4811 nostrae
1980 4749 2153 4830 orationis;

122 4855 156 4910 et
175 4843 208 4904 in
228 4839 291 4904 bac
311 4835 496 4918 moesticia,
517 4833 644 4898 etiamsi
666 4833 741 4916 quid
764 4830 883 4898 luisset
903 4831 1040 4915 ingenii,
1061 4835 1239 4896 extinctum
1260 4835 1383 4897 esset.”

251 4953 443 5036 Quanquam
467 4950 564 5035 igiter
586 4949 710 5012 Noster
733 4949 874 5013 carmina
898 4949 975 5012 lecit
1001 4963 1097 5030 quum
1119 4943 1290 5010 admodum
1316 4943 1443 5006 iuvenis
1468 4955 1578 5025 asset,
1607 4955 1717 5008 tamen
1738 4959 1899 5026 nunquam
1924 4963 2053 5010 carmen
2074 4965 2154 5030 pro·

122 5051 222 5112 mem
242 5039 444 5122 composuit,
464 5036 525 5100 sed
543 5037 692 5099 breviora
714 5044 856 5118 tautum,
877 5046 912 5098 ut
932 5035 1182 5118 epigrammata,
1202 5029 1382 5112 epitaphia,
1405 5048 1539 5114 preces,
1560 5029 1717 5110 disticha,
1739 5029 1857 5091 breves
1874 5025 1916 5092 ad
1935 5031 2058 5096 amicos
2078 5031 2152 5113 epi-

123 5131 229 5198 stolas
248 5127 398 5208 poeticas
413 5131 447 5185 et
464 5121 590 5184 similia.
635 5121 877 5202 borrgissimum
897 5139 1027 5182 carmen
1051 5128 1103 5180 cst
1121 5117 1200 5179 illud
1221 5113 1307 5196 quod
1325 5115 1524 5177 inscribitur:
1545 5111 1680 5177 collatio
1702 5112 1741 5174 de
1762 5110 1965 5194 impositione
1988 5133 2155 5198 manuum,

123 5239 174 5284 an.
196 5211 291 5278 lbdl.
315 5207 449 5274 facturn.
498 5205 624 5290 blegne
648 5207 820 5269 carminum
852 5223 928 5286 pars
950 5201 1165 5284 Wiiebergae
1192 5199 1267 5262 inde
1292 5197 1333 5261 ab
1361 5218 1410 5261 an.
1433 5197 1526 5262 tote.
1554 5215 1659 5279 usque
1687 5196 1728 5259 ad
1752 5214 1804 5262 au.
1825 5196 1918 5264 1519.
1950 5201 2071 5283 scripta
2091 5209 2153 5262 est.

124 5303 305 5383 Postquam
320 5293 551 5358 enimuxorem
563 5293 700 5356 duxerat
718 5289 837 5353 multos
857 5289 1086 5352 adolescentes
1099 5283 1246 5368 adeoque
1261 5301 1380 5366 pueros
1393 5284 1424 5346 in
1440 5283 1569 5346 domum
1583 5299 1675 5344 suem
1691 5292 1861 5366 receptos,
1883 5285 1936 5347 vel
1951 5283 1991 5348 ad
2006 5299 2153 5346 mensam

124 5407 215 5456 auen
229 5381 412 5463 admissos,
431 5377 584 5463 destituit,
605 5395 729 5459 eosque
743 5378 839 5441 etiam
859 5375 890 5439 iu
905 5373 1064 5438 iaciendis
1084 5371 1275 5438 carminibus
1292 5368 1493 5462 exercitavit.
1536 5367 1574 5432 ln
1586 5367 1642 5431 illa
1660 5367 1776 5434 ecbola
1794 5368 1920 5454 privata
1934 5369 2155 5436 blelaotbonis
