4866 5990
283 149 357 261 uo
642 173 895 259 scotera
925 110 1003 254 ab
1038 172 1239 258 erran
1269 170 1344 252 nr
1376 171 1618 258 oarrun
1648 171 1952 270 nanturra
2251 194 2325 268 rso

287 359 527 434 crificulorum
542 356 582 428 in
599 353 760 450 Papatu,
789 353 850 426 sed
876 352 1029 440 serium,
1054 354 1279 424 moderatum
1332 349 1459 440 luerit,
1483 353 1544 424 sed
1569 379 1607 426 ea
1634 357 1756 428 omnia
1779 365 1843 432 eeu
1866 359 2068 432 communia
2093 361 2138 432 ad
2154 362 2325 454 cuiusvis,

288 477 429 548 tamen,
454 475 490 534 et
511 484 588 530 non
603 459 828 549 adfligentem
843 455 1105 540 valetudinem,
1133 477 1215 526 cnm
1230 453 1281 522 sic
1333 453 1439 526 etiam
1457 455 1710 541 minimorum,
1732 483 1835 552 saepe
1851 461 1955 534 etiam
1969 463 2201 554 indignorum
2219 491 2326 537 usum

289 566 357 636 ait:
392 559 544 652 τέκνον,
579 555 637 634 ἐπὶ
657 561 781 656 νεκρῷ
800 549 992 656 κατύγαγε
1016 548 1183 654 δάκρυα,
1218 548 1292 626 καὶ.
1334 569 1533 646 comparata
1557 571 1590 627 et
1612 561 1766 650 exposita
1792 557 1974 648 babuerit;
2015 587 2106 658 cquae
2128 565 2240 658 ipsius
2266 568 2327 638 iu-

290 662 342 747 aar
362 660 467 739 δεινὰ
488 656 645 755 πάσχων
661 659 788 756 ἕναρξε
803 657 980 754 θρήνων,
1005 652 1137 752 καὶμὴ
1154 649 1282 748 ὑπερύ-
1334 655 1519 727 imitabilis
1540 657 1739 749 benignitas
1761 663 1927 754 privatim
1941 663 2089 754 singulis
2110 669 2329 758 petentibus,

291 763 359 860 ύης
384 763 454 859 τὴν
482 760 610 860 ταφὴν
636 761 774 847 αὐτοῦ,
799 751 874 832 ’καὶ
901 755 1058 854 ποίησον
1077 755 1121 831 τὸ
1143 754 1283 835 πένθος
1332 758 1456 828 multis
1480 759 1584 829 etiam
1601 762 1717 848 ultro,
1743 765 1843 833 omni
1863 764 2063 836 officiorum
2079 789 2206 856 genere
2220 793 2326 860 prae-

292 863 389 940 κατὰ
406 864 477 962 τὴν
499 861 608 948 ἀξίαν
632 861 772 948 αὐτοῦ,
804 857 869 932 καὶ
888 853 1150 956 παρακλήθητι
1168 852 1283 950 λύπης
1334 859 1434 943 stita,
1468 885 1547 928 cum
1572 861 1740 932 latissime
1766 879 1888 955 vagata
1910 866 1975 952 sit,
2008 891 2104 938 mors
2128 869 2203 940 eius
2229 867 2328 944 baud

295 968 413 1042 ἕνεκα.
464 962 557 1040 Ἀπὸ
581 958 696 1059 λύπης
719 960 796 1062 γὰρ
815 957 978 1057 ἐκβαίνει
1001 955 1187 1046 θάνατος,
1218 953 1283 1031 καὶ
1335 961 1444 1030 dubie
1461 961 1636 1050 plurimos
1653 965 1702 1034 ita
1719 967 1974 1051 commovebit,
2000 979 2042 1038 ut
2061 991 2145 1053 nos,
2170 972 2234 1063 qui
2250 987 2325 1042 tam

295 1064 392 1164 λύπη
405 1061 563 1164 καρύιύς
581 1061 723 1160 κάμψει
743 1057 872 1157 ἰσχύν,
898 1057 967 1132 boc
982 1076 1051 1134 est:
1082 1064 1153 1149 fili,
1178 1083 1284 1152 super
1336 1061 1398 1131 diu
1414 1062 1452 1129 iu
1467 1063 1706 1134 familiaritate
1722 1066 1868 1157 ipsiusa
1896 1068 2113 1140 iuvenilibus
2139 1073 2244 1141 anuis
2269 1074 2328 1142 vi-

295 1162 437 1242 mortuo
457 1172 570 1240 deduc
585 1169 776 1262 lacrymas,
802 1179 837 1236 et
850 1178 891 1234 ut
912 1167 1001 1234 dura
1021 1187 1143 1255 passus
1164 1162 1282 1254 incipe
1335 1161 1451 1231 ximus
1466 1177 1501 1246 et
1514 1166 1776 1253 consonuimus,
1802 1167 2027 1248 iustissimam
2044 1173 2243 1262 gravissimi
2258 1176 2326 1246 do-

200 1321 207 1342 ,
295 1272 482 1364 lugubria,
508 1284 544 1342 et
565 1294 639 1339 non
662 1267 834 1360 despicias
857 1266 1075 1357 sepulturam
1093 1265 1224 1358 ipsius,
1249 1275 1284 1332 et
1335 1262 1423 1333 loris
1444 1287 1583 1333 causam
1600 1262 1731 1350 babere
1748 1269 1942 1339 consessuri
1957 1270 2040 1342 sint.

296 1375 352 1450 lac
374 1374 510 1444 luctum
532 1395 599 1464 pro
624 1370 795 1459 dignitate
817 1368 946 1458 ipsius,
986 1370 1046 1436 sed
1070 1365 1284 1437 consolatio-
1438 1363 1508 1434 Sed
1533 1367 1770 1438 consideratio
1792 1370 1926 1460 publici
1951 1371 2169 1442 incommodi
2184 1385 2217 1443 et
2231 1375 2329 1465 peri·
2412 1441 2413 1450 ,

296 1498 381 1544 nem
414 1473 520 1544 etiam
556 1473 701 1544 admitte
734 1469 835 1540 istius
860 1467 1007 1542 doloris.
1064 1465 1302 1538 Amoerore.
1337 1463 1427 1546 culi,
1453 1467 1549 1557 quod
1574 1467 1685 1558 ipsius
1709 1469 1827 1542 obitus
1847 1466 1915 1542 boc
1933 1485 2093 1564 tempore
2110 1471 2326 1547 Academiae

260 1574 267 1587 ¹
298 1577 394 1645 enim
411 1573 528 1644 existit
544 1597 661 1656 mors,
686 1585 720 1642 et
734 1571 911 1641 moesticia
927 1569 1057 1657 frangit
1074 1571 1187 1639 robur
1205 1591 1285 1637 cor·
1337 1579 1373 1636 et
1392 1562 1574 1638 Ecclesiae
1600 1564 1684 1642 hnic
1708 1571 1847 1657 attulit,
1881 1567 1980 1646 hune
2003 1575 2188 1660 dolorem,
2218 1600 2328 1670 quern

298 1678 369 1746 dis.
420 1673 499 1744 Hoc
523 1665 618 1744 dicto
637 1673 813 1744 Siracides
836 1667 1002 1762 probibet
1024 1684 1223 1764 utrunque,
1250 1681 1285 1737 et
1335 1666 1495 1757 privatae
1528 1672 1801 1762 consuetudinis
1833 1673 2057 1746 desiderium.
2087 1677 2194 1746 nobis
2231 1681 2329 1766 iacit,

299 1779 547 1869 profanitatem
572 1770 636 1846 καὶ
657 1769 865 1872 ἀστοργίαν
885 1793 1028 1856 eorum,
1057 1772 1120 1866 qui
1136 1771 1284 1840 nonad·
1337 1769 1595 1872 propemodum
1613 1771 1785 1862 extinguit
1799 1785 1834 1846 ct
1848 1775 1983 1860 obruit,
2008 1778 2113 1848 eliam
2130 1779 2240 1864 in-iis,
2267 1783 2329 1874 qui

299 1881 470 1949 ficiuntur
495 1900 642 1946 suorum
669 1877 789 1960 obitu,
828 1888 864 1944 et
889 1873 1071 1944 clamitant
1096 1874 1284 1962 indignum
1337 1885 1483 1962 propter
1513 1873 1697 1962 sanguinis
1730 1872 1788 1946 vel
1822 1877 2004 1951 affinitatis
2037 1879 2328 1954 coniunctionem

300 2004 374 2052 esse
403 1979 483 2051 viro
512 1979 619 2063 sorti,
655 1979 787 2046 nedum
814 1971 1037 2058 Christiano,
1068 1975 1285 2065 profundere
1338 1971 1530 2042 iustissime
1554 1996 1590 2042 se
1614 1975 1735 2046 dolere
1756 1975 1970 2052 existimant.
2020 1975 2208 2055 Noverunt
2229 1985 2326 2054 enim

300 2084 475 2175 lacrymas
503 2092 538 2150 et
558 2081 662 2148 edere
684 2077 974 2166 significationem
1001 2076 1111 2146 ullam
1140 2073 1285 2144 moesti·
1337 2095 1478 2154 omnes,
1506 2089 1682 2169 quotquot
1705 2071 1764 2146 bic
1787 2079 1974 2150 nobiscum
1993 2082 2195 2152 studiorum
2213 2086 2328 2154 socie-

301 2183 393 2252 ciae:
419 2195 453 2254 et
469 2202 593 2252 rursus
615 2181 886 2250 immoderatum
909 2177 1089 2256 dolorem,
1115 2199 1285 2267 respuen-
1337 2186 1407 2244 tate
1426 2174 1609 2247 coniuncti
1629 2177 1813 2262 rixemut,
1840 2193 1973 2274 quauta
1996 2205 2105 2270 cura,
2128 2185 2327 2276 vigilantia,

300 2297 374 2354 tem
396 2273 539 2352 omnem
562 2281 860 2365 consolationem,
887 2303 957 2370 quo
980 2292 1014 2352 et
1028 2279 1194 2350 valetudo
1211 2278 1283 2346 lae·
1337 2276 1525 2346 sedulitate
1559 2279 1807 2368 gubernationi
1840 2282 2087 2368 communium
2123 2287 2327 2356 studiorum

300 2386 416 2468 ditur,
442 2397 476 2454 et
493 2381 589 2454 Deus
607 2383 821 2465 offenditur,
843 2381 968 2450 volens
983 2404 1054 2450 nos·
1065 2381 1285 2473 acquiescere
1337 2377 1547 2466 praetuerit,
1573 2393 1706 2472 quanta
1728 2383 1955 2467 contentione
1978 2381 2089 2454 animi
2110 2386 2172 2456 illa
2196 2379 2327 2460 excita·

302 2509 368 2556 suo
391 2485 557 2568 consilio,
587 2497 622 2554 et
645 2508 717 2552 noar
740 2485 888 2552 fremere
909 2483 1078 2552 adversus
1101 2481 1229 2550 iustam
1251 2492 1286 2549 et
1337 2477 1405 2560 rit,
1429 2479 1600 2568 plurimas
1623 2503 1749 2576 easque
1771 2483 1999 2556 difficillimas
2013 2486 2182 2558 lectiones
2196 2489 2233 2558 iu
2248 2511 2326 2558 sese

301 2609 439 2678 semper
454 2585 625 2678 optimam
641 2586 858 2654 voluntatem
877 2606 988 2654 suam.
1337 2578 1529 2669 recipiens,
1552 2581 1645 2652 mira
1660 2584 1874 2656 adsiduitate
1891 2585 2086 2672 lectionum
2101 2611 2226 2680 operas
2236 2613 2327 2660 con-

403 2685 495 2758 Cum
518 2699 635 2756 autem
648 2683 745 2756 Deus
768 2684 1059 2756 clementissimus
1081 2683 1282 2755 nudiuster·
1338 2680 1501 2766 tinuans,
1539 2705 1603 2752 sua
1634 2683 1808 2774 sapientia
1841 2709 1966 2778 operas
1998 2687 2066 2758 rite
2099 2689 2328 2776 distribuens,

302 2789 374 2860 tius
403 2790 539 2882 placida
569 2787 833 2857 obdormitione
858 2787 1106 2879 potiusquam
1132 2797 1285 2854 mortes
1337 2777 1492 2871 Collegis
1506 2783 1702 2876 aliquibus,
1729 2809 1916 2880 quaecum
1930 2788 2084 2862 utilitate
2100 2792 2327 2862 auditoribus

302 2891 407 2962 uobis
423 2888 609 2962 abduxerit
625 2891 858 2959 reverendum
884 2901 918 2956 et
939 2887 1156 2956 carissimum
1183 2907 1285 2972 prae·-
1337 2882 1411 2952 suis
1433 2885 1629 2968 traderent,
1661 2889 1919 2976 praescribens,
1949 2891 2112 2963 omnium
2133 2895 2325 2983 professio·

302 3005 478 3082 ceptorem
497 3015 536 3060 ae
552 3005 685 3080 patrem
708 3003 888 3074 nostrum,
920 2985 1117 3056 Dominum
1134 2979 1284 3078 Philip-
1338 3007 1424 3055 num
1453 2997 1487 3055 et
1517 2986 1715 3058 officiorum
1746 2989 2014 3064 necessitatibus
2044 2997 2325 3076 orornamenta

301 3116 389 3184 pum
412 3084 717 3171 Melanthum,
751 3091 993 3160 communium
1019 3087 1219 3158 studiorum
1246 3088 1285 3186 in
1338 3085 1579 3169 subserviens,
1605 3088 2038 3184 deniquequoclsingulis
2057 3093 2325 3169 laboriosumet

301 3190 369 3262 bac
392 3188 581 3262 Academia
605 3215 782 3259 summum
811 3203 844 3260 et
867 3189 1131 3258 faelicissimum
1156 3189 1285 3277 guber·
1338 3185 1484 3256 difficile
1513 3189 1675 3260 futurum
1706 3205 1797 3276 erat,
1829 3191 1904 3283 ipse
1937 3216 2032 3272 uncas
2058 3219 2125 3286 pro
2155 3197 2324 3268 omnibus

301 3307 481 3377 natorem,
505 3305 624 3362 tantus
640 3287 735 3360 baud
751 3293 857 3374 dubie
874 3313 1040 3360 sanorum
1059 3289 1221 3358 omnium
1234 3303 1286 3360 est
1338 3286 1482 3359 subiens
1503 3302 1537 3358 et
1558 3313 1684 3378 magno
1708 3293 1989 3385 promptitudine
2002 3295 2113 3372 animi
2131 3297 2321 3385 stutirem,

303 3396 424 3478 dolor,
448 3405 489 3466 ut
511 3394 572 3462 ille
593 3417 815 3487 nequaquam
838 3393 922 3462 ullis
945 3391 1144 3462 rationibus
1159 3413 1285 3462 accen·
1339 3401 1373 3458 et
1395 3401 1585 3482 antequam
1611 3409 1795 3480 rogaretur
1817 3408 1942 3486 sponte
1966 3396 2046 3465 aliis
2077 3397 2322 3488 indigentibus

302 3497 440 3565 dendus
456 3495 586 3586 magis,
611 3498 670 3564 sed
688 3489 713 3588 ¹)
736 3495 852 3586 potius
872 3492 1055 3588 exquisitis
1069 3493 1286 3581 argumentis
1338 3512 1436 3558 suam
1452 3514 1594 3582 operam
1610 3491 1772 3566 offerens.
1825 3493 1892 3566 His
1906 3495 2105 3568 rationibus
2120 3499 2322 3572 studiorum

300 3597 488 3668 leniendus
514 3610 548 3666 et
570 3598 746 3665 sedendus
763 3618 836 3666 esse
854 3597 1028 3665 videatur.
1080 3591 1188 3681 Quod
1203 3617 1284 3664 cum
1331 3612 1560 3690 progressum
1584 3595 1756 3666 foeliciter
1777 3599 2025 3687 promovebat,
2051 3612 2085 3670 et
2107 3601 2322 3692 collegarum

300 3723 357 3770 me
374 3699 539 3790 inprimis
557 3699 670 3768 facere
689 3713 832 3787 propter
851 3697 1026 3780 officium,
1057 3696 1154 3788 quod
1177 3695 1284 3765 susti·
1337 3683 1583 3790 ἕργοδιώκτης
1597 3710 1682 3779 erat,
1708 3721 1782 3766 non
1799 3701 1922 3801 acerba
1937 3693 2197 3791 obiurgationis
2214 3699 2323 3773 vebe·

301 3825 390 3884 nco,
415 3798 555 3880 deceat,
582 3823 671 3892 quae
685 3795 769 3870 huic
783 3799 928 3891 proprio
949 3811 983 3868 et
997 3809 1113 3866 vestro
1125 3791 1154 3885 ²)
1167 3795 1285 3866 dolori
1336 3792 1468 3862 mentia
1498 3807 1532 3864 et
1562 3797 1722 3884 ignaviae
1752 3801 1978 3890 castigatione
2002 3823 2061 3872 eos
2087 3805 2324 3896 pudefaciens,

183 3895 185 3902 ’
300 3894 502 3996 θελκτήρια
526 3913 561 3970 et
582 3900 775 3972 lenimenta
798 3895 1004 3981 adhibeam,
1029 3921 1104 3968 non
1122 3897 1207 3966 satis
1223 3897 1283 3966 in·
1337 3893 1397 3962 scd
1413 3895 1732 3997 suaeladsiduitatis
1746 3902 1907 3994 exemplo
1922 3915 2093 3974 cessantes
2108 3905 2152 3974 ad
2169 3905 2322 3996 diligen-

300 4003 418 4072 venio.
468 3999 561 4074 Cum
585 4001 682 4070 enim
708 4003 893 4084 recordor,
927 4024 1032 4091 quam
1056 3999 1170 4070 dulcis
1192 3993 1282 4068 mibi
1336 3993 1421 4064 tiam
1445 3997 1645 4072 traducens.
1696 3995 1745 4071 Et
1765 4003 1859 4094 quod
1878 4027 2102 4094 summopere
2117 4001 2201 4076 buic
2215 4002 2321 4078 scho-

300 4127 380 4170 cum
402 4099 470 4172 boc
490 4105 567 4171 viro
590 4103 826 4173 intercesserit
842 4100 1064 4172 familiaritas
1082 4117 1118 4172 et
1134 4123 1283 4170 consue·-
1336 4096 1391 4164 lae
1410 4095 1559 4185 proluit,
1591 4097 1638 4167 ita
1663 4116 1737 4172 erat
1761 4118 1907 4188 natura,
1937 4105 2108 4190 consilio,
2142 4108 2264 4178 studio
2287 4123 2320 4181 et

300 4204 388 4272 tudo
402 4204 613 4273 domesticae
630 4204 796 4272 similima
815 4204 885 4272 iam
900 4227 919 4272 a
936 4201 1061 4294 primis
1078 4200 1283 4271 adolescen-
1334 4196 1484 4266 artificio
1501 4196 1815 4293 συμβιβαστικὸς,
1842 4209 1876 4275 et
1892 4207 2091 4276 communis
2106 4211 2319 4278 concordiae

300 4304 370 4376 tiae
382 4327 480 4374 meae
494 4304 612 4390 annis,
636 4305 780 4398 quantis
794 4303 919 4374 officiis
933 4305 979 4376 ab
995 4304 1072 4396 ipso
1086 4316 1282 4394 provectus,
1334 4297 1560 4384 conciliator,
1594 4316 1634 4371 ut
1659 4327 1739 4370 cum
1766 4303 1841 4395 ipse
1860 4329 1964 4398 saepe
1983 4309 2138 4396 graviter
2163 4309 2321 4384 offensos

300 4406 458 4490 adiutus,
485 4419 633 4478 ornatus
652 4405 736 4492 sim,
761 4407 837 4476 lieri
853 4429 928 4475 nou
947 4419 1080 4496 potest,
1104 4405 1282 4498 quincius
1333 4421 1408 4466 uon
1431 4399 1539 4468 modo
1562 4401 1946 4496 vindictaecupiditate
1962 4408 2321 4482 excitarerrrtarnina

297 4502 389 4583 mibi
409 4507 527 4578 abitus
547 4506 810 4578 acerbissimum
832 4507 991 4576 dolorem
1014 4507 1160 4580 adferat.
1210 4503 1282 4576 Ne·
1334 4523 1408 4568 non
1430 4501 1552 4584 vellet,
1578 4505 1639 4572 sed
1662 4504 1768 4578 etiam
1787 4509 2060 4580 obtrectantium
2074 4523 2107 4581 et
2121 4513 2320 4582 malevolo-

298 4633 366 4700 que
388 4633 471 4680 vero
494 4632 575 4700 erga
594 4631 651 4680 me
677 4609 793 4678 solum
815 4609 896 4690 talis
917 4609 1005 4692 tuit,
1036 4620 1071 4678 et
1094 4631 1169 4680 non
1192 4605 1281 4676 alios
1332 4623 1411 4669 rum
1447 4599 1598 4673 iniurias
1630 4605 1815 4676 tolerando
1837 4623 1871 4679 et
1898 4605 2043 4702 insuper
2068 4611 2321 4686 benefaciendo

298 4733 420 4779 omnes
443 4713 564 4782 studio
589 4723 623 4780 et
644 4709 862 4800 benignitate
884 4732 945 4780 sua
968 4709 1170 4798 complexus
1190 4700 1280 4778 fovit
1332 4701 1490 4782 vincere,
1520 4715 1557 4774 ut
1581 4705 1781 4775 universam
1803 4709 2009 4780 memoriam
2031 4735 2151 4783 earum
2174 4713 2320 4787 abolere

296 4811 489 4884 eradium,
538 4812 809 4896 Scimusenim,
834 4809 1121 4880 &urbanitatem
1144 4821 1278 4881 annnam
1331 4805 1502 4871 studeret:
1536 4806 1640 4876 etiam
1662 4812 2060 4884 commonefactiouibus
2081 4813 2172 4898 suis,
2205 4816 2319 4887 inter-

295 4911 418 4990 fuisse,
444 4927 484 4982 ut
504 4908 597 4982 nihil
617 4913 797 4994 omnium,
825 4935 913 5006 qum
929 4907 1101 4994 hahebat,
1127 4923 1161 4980 et
1177 4924 1279 5001 pote.
1331 4903 1568 4990 cessionibus,
1593 4907 1828 4982 lenitionibus
1841 4930 1935 4988 ortas
1949 4915 2045 4986 inter
2061 4915 2211 5006 collegas
2235 4943 2318 4988 srros

293 5025 368 5092 rat,
393 5013 463 5082 sibi
485 5027 546 5084 aut
567 5015 639 5084 suis
661 5015 794 5084 servire
811 5029 845 5086 ct
866 5014 1031 5106 prodesse
1053 5026 1192 5084 tautum
1213 5037 1278 5084 vo-
1330 5003 1624 5094 uffensfunffllflssa
1648 5023 1836 5105 antequam
1853 5015 1945 5084 Vim
1960 5015 2204 5110 acqufffflfflla
2229 5041 2316 5111 ⁸¹11>-

292 5167 495 5178 „ww
1329 5105 1513 5194 primeret,
1547 5123 1581 5180 et
1601 5133 1665 5182 suo
1689 5113 1874 5210 praecipue
1895 5117 2056 5208 exemplo
2067 5131 2109 5190 'et
2125 5120 2315 5192 autoritate

324 5237 352 5305 t)
367 5240 429 5303 aaa]
447 5235 700 5307 &hwa-„mg
750 5259 753 5264 .
1327 5207 1369 5276 ad
1397 5227 1586 5278 commune
1607 5214 1818 5284 concordiae
1839 5216 1996 5287 studium
2012 5219 2104 5298 etad
2121 5214 2315 5294 duretam

321 5323 475 5393 ηυηιω]
492 5322 555 5379 ser.
571 5317 767 5394 pullatam.
1073 5364 1078 5372 .
1326 5307 1532 5380 tolerantem
1549 5311 1825 5386 imbecilliorum
1844 5329 1978 5404 errata,
2002 5335 2237 5410 permoveret.
