4884 5950
151 207 230 284 aas
737 149 1170 306 Quansmouns
1210 211 1614 320 acanunrcan.
2124 223 2199 303 aas

154 383 263 458 Sedet
286 387 333 458 ad
356 385 516 458 dextram
539 384 676 458 aeterni
698 387 826 478 patris,
852 389 944 457 dans
966 387 1060 458 dona
1081 382 1150 458 ho·
1198 389 1354 460 subiecta
1373 403 1425 461 est
1442 390 1612 476 creatori,
1638 405 1678 462 ut
1696 415 1901 485 quanquam
1918 389 2113 494 στοργὴίιι
2128 419 2194 490 pa·

151 489 322 564 minibus.
373 485 477 561 Hanc
497 488 733 581 praesentiam
755 489 822 560 filii
835 487 904 560 Dei
928 513 1030 582 saepe
1053 490 1150 579 cogi·
1198 491 1379 576 rentibus,
1403 515 1475 585 quo
1498 506 1551 563 εει
1574 495 1776 580 ardentior,
1802 518 1843 563 eo
1868 497 1978 585 magis
1999 513 2194 589 spontanea

153 605 290 678 tames,
314 604 477 684 petamus
498 605 534 662 et
555 605 776 683 expectemus
793 593 838 662 ab
857 615 899 663 eo
916 593 1149 684 gubernatio·
1197 607 1267 678 est,
1300 607 1419 664 tamen
1451 595 1633 664 verissima
1658 610 1711 668 est
1733 597 1945 690 propositio:
1979 597 2118 698 στοργὴ
2142 616 2194 673 εει

152 719 255 779 ιιειιι,
277 693 555 787 protectionem,
581 708 616 764 ει
639 694 887 766 liberationem
911 697 957 764 ab
981 695 1149 765 omnibus
1198 696 1412 782 necessaria,
1448 697 1530 789 quia
1562 712 1688 768 natura
1717 701 1767 770 sic
1797 723 1816 768 a
1839 695 1917 771 Deo
1944 702 2106 774 ordinata
2132 719 2193 777 est.

151 797 275 882 malis,
307 810 343 868 et
363 791 456 866 hauc
481 796 762 868 consolationem
783 810 985 883 teneamus,
1010 821 1150 888 semper
1198 797 1383 870 Praeterea
1412 799 1595 870 barbarica
1620 802 1801 872 insulsitas
1827 816 1895 887 est,
1928 805 2024 898 quod
2051 830 2131 876 cum
2155 806 2194 876 lit

151 913 375 971 servaturum
404 921 478 968 esse
509 900 665 992 aliquem
695 913 855 984 coetum,
897 900 961 993 qui
992 901 1037 970 sit
1065 923 1147 970 vera
1198 901 1333 971 mentio
1351 901 1529 970 bonorum
1547 927 1707 994 operum,
1734 917 1875 978 tantum
1891 905 1934 974 de
1952 909 2105 977 externis
2121 909 2193 978 dici

150 998 330 1088 Ecclesia,
356 1016 391 1074 et
411 1001 633 1070 domicilium
657 1002 781 1092 ipsius.
834 1001 950 1074 Simul
965 1003 1069 1072 etiam
1087 1028 1147 1072 co·
1198 1005 1335 1073 volunt.
1401 1003 1473 1072 Nos
1496 1005 1701 1074 interiorem
1729 1022 1763 1076 et
1787 1007 1996 1076 exteriorem
2021 1011 2194 1106 obedieu-

42 1197 44 1202 .
150 1106 321 1196 gitemus,
346 1127 520 1197 quaenam
543 1105 589 1174 sit
612 1099 698 1172 haec
722 1128 803 1174 vera
823 1102 999 1189 Ecclesia,
1024 1117 1059 1174 ει
1083 1105 1148 1174 ubi
1198 1105 1282 1174 tiam
1303 1107 1449 1174 nomine
1469 1107 1647 1176 bonorum
1665 1135 1812 1201 operum
1831 1111 2117 1202 complectimur,
2143 1113 2193 1182 si-

149 1209 218 1290 sit,
250 1231 317 1278 nec
339 1205 542 1288 dubitemus
563 1229 637 1278 esse
661 1200 757 1276 hunc
782 1207 1083 1298 ipsum-coetum,
1109 1208 1147 1276 in
1197 1222 1256 1277 cut
1274 1233 1341 1277 vox
1363 1209 1484 1276 divina
1504 1210 1674 1302 loquitur.
1727 1209 1780 1280 Ne
1796 1211 1940 1304 quidem
1957 1214 2109 1303 populus
2126 1216 2194 1284 bo-

151 1335 224 1404 quo
252 1333 322 1380 vox
345 1305 533 1397 Evangelii
564 1323 685 1392 sonat,
718 1309 795 1378 sine
827 1310 1038 1399 corruptelis
1065 1331 1145 1380 cum
1196 1335 1284 1378 num
1300 1335 1389 1401 opus
1404 1324 1541 1381 tantum
1558 1315 1724 1383 umbram
1740 1315 1877 1384 externi
1891 1316 2026 1406 operis,
2054 1339 2192 1407 senge-

150 1413 386 1484 fundamento
409 1413 665 1504 pugnantibus.
718 1408 838 1482 Huius
861 1406 1042 1482 Ecclesiae
1065 1436 1145 1480 cum
1196 1425 1289 1482 stum
1311 1425 1496 1483 externum
1520 1414 1707 1506 intelligit,
1736 1416 1852 1486 sedin
1869 1430 1987 1486 mente
2003 1419 2191 1489 eonsilium

151 1516 247 1586 cives
268 1539 408 1598 sumus,
434 1527 570 1584 certum
593 1528 644 1586 est
660 1514 766 1584 nobis
782 1515 904 1584 adesse
918 1513 1054 1584 Filium
1067 1511 1147 1598 Dei,
1196 1529 1330 1584 rectum
1353 1529 1386 1583 ει
1404 1510 1621 1610 προαίρεσιν
1638 1520 1767 1588 bonam
1785 1519 2043 1609 complectitur.
2061 1568 2065 1576 ,
2095 1519 2191 1592 Haec

150 1619 216 1713 qui
232 1617 388 1688 servabit
403 1613 597 1686 Ecclesiam
617 1641 736 1701 suam,
762 1639 967 1711 quanquam
987 1616 1096 1686 variis
1111 1628 1146 1686 et
1195 1643 1276 1686 curn
1307 1619 1490 1708 perspicua
1522 1620 1610 1700 sint,
1645 1635 1762 1690 tamen
1793 1622 1832 1688 in
1860 1621 1984 1691 multis
2005 1635 2103 1692 tanta
2126 1637 2191 1708 est,

151 1721 289 1812 magnis
303 1720 483 1792 aerumnis
499 1733 697 1804 exercetur,
721 1732 755 1789 ει
773 1733 812 1790 ut
827 1732 943 1789 servet
960 1741 1045 1806 nos,
1069 1731 1145 1790 toto
1196 1743 1270 1788 non
1295 1720 1375 1788 (lico
1399 1721 1557 1805 inscitia,
1592 1725 1651 1791 sed
1678 1724 1833 1806 malitia,
1860 1737 1901 1794 ut
1925 1748 1999 1793 non
2023 1726 2190 1797 desinant

152 1849 235 1894 eum
251 1837 392 1917 pectore
409 1846 484 1893 oro.
540 1905 547 1934 s
1195 1822 1324 1893 latrare
1340 1837 1462 1892 contra
1480 1824 1703 1895 manifestam
1721 1825 1913 1899 veritatem.

254 1957 412 2029 Tantum
437 1958 481 2026 de
505 1953 567 2027 tu'a
592 1957 798 2051 quaestione
821 1957 861 2026 in
886 1953 952 2027 hac
973 1955 1145 2025 brevitate
1298 1955 1347 2027 Ut
1361 1958 1470 2050 igitur
1484 1958 1641 2028 breviter
1657 1963 1909 2052 respondeam,
1934 1963 2070 2033 retineo
2084 1961 2190 2034 Pauli

151 2061 323 2154 temporis
345 2060 562 2151 respondere
583 2061 702 2146 volui,
736 2061 865 2151 magis,
889 2075 929 2129 ut
952 2058 1145 2128 confessio-
1196 2060 1350 2146 dictum,
1376 2061 1438 2154 qui
1460 2061 1527 2128 ait:
1560 2057 1749 2133 Debitores
1771 2087 1904 2138 sumus.
1955 2059 2003 2135 Et
2025 2061 2190 2138 Christus

151 2189 237 2234 nem
265 2185 379 2233 meam
403 2164 644 2248 ostenderem,
675 2185 781 2256 quam
803 2176 844 2233 ut
867 2161 1143 2252 disputationem
1196 2162 1331 2255 inquit:
1359 2163 1455 2255 quod
1480 2164 1669 2233 debuimus
1691 2165 1849 2237 fecimus.
1901 2163 1951 2240 Et
1973 2167 1992 2237 1
2014 2163 2139 2244 lohan.
2153 2166 2190 2240 4.

150 2268 387 2340 instituerem.
444 2262 536 2335 Cum
559 2265 655 2334 enim
677 2289 760 2334 vera
785 2265 959 2336 sententia
983 2286 1145 2356 compre-
1195 2264 1343 2334 dicitur:
1370 2263 1551 2334 Debemus
1567 2265 1692 2336 fratres
1708 2269 1869 2358 diligere.

152 2365 264 2439 hensa
293 2384 362 2452 εει,
394 2369 619 2462 acquiescant
637 2368 676 2436 in
698 2369 836 2460 sapiae
858 2381 1011 2452 mentes,
1043 2378 1077 2434 ει
1099 2365 1145 2434 εἰι

150 2475 281 2542 modus
302 2470 605 2563 disputationum,
631 2485 665 2540 ει
687 2471 869 2540 rixatrices
890 2483 1034 2540 naturas
1055 2468 1144 2537 vite-

151 2599 249 2660 mus,
282 2597 371 2670 quae
400 2597 474 2642 non
500 2573 687 2664 patiuntur
708 2573 775 2642 sibi
799 2571 979 2655 satisfieri,
1014 2583 1049 2640 ct
1070 2593 1143 2638 non

151 2673 221 2748 hoc
235 2689 362 2768 agunt,
387 2689 429 2746 ut
442 2677 593 2753 doceant
608 2689 642 2745 et
657 2689 783 2745 sanent
796 2675 895 2759 alios,
921 2677 986 2744 sed
998 2685 1037 2742 ut
1051 2667 1144 2742 Aca-

151 2781 290 2849 demico
313 2802 411 2848 more
434 2777 646 2868 labefactent
667 2779 806 2862 omnia,
835 2791 870 2848 et
887 2789 1021 2846 mentes
1036 2773 1074 2842 in
1091 2775 1143 2844 la-

151 2876 341 2975 byrinthos
364 2881 537 2950 inducant
544 2882 568 2964 ‚'
594 2881 657 2949 ubi
680 2879 934 2950 incertitudine
957 2901 1144 2970 oppressae

150 2995 311 3076 pereant.
350 2981 404 3054 Sit
416 2983 525 3072 igitur
538 2985 665 3052 modus
679 2982 975 3074 disputationum,
995 2995 1027 3049 et
1043 2979 1144 3070 agui-

149 3098 224 3154 tam
249 3085 431 3156 veritatem
457 3084 513 3176 pie
536 3085 770 3166 retineamus,
798 3099 831 3156 et
854 3107 919 3154 nos
940 3105 959 3152 a
982 3083 1055 3152 lilio
1077 3079 1143 3178 Dei

151 3187 354 3258 confirmari
370 3200 540 3280 petamus.
592 3183 687 3260 Dixi.

1297 2399 1407 2490 Quod
1427 2425 1509 2472 vero
1526 2399 1752 2496 Sycophanta
1769 2406 1914 2497 qnidam
1934 2407 1971 2474 in
1988 2408 2119 2481 vicinia
2133 2409 2190 2478 di-

1195 2518 1289 2574 ctum
1307 2503 1431 2590 Pauli,
1457 2507 1552 2598 quod
1578 2506 1616 2573 in
1633 2500 1794 2596 Epistola
1815 2509 1860 2583 ad
1874 2504 2083 2580 Corinthios
2102 2512 2190 2583 scri·
2266 2535 2269 2542 “

1196 2622 1294 2696 ptum
1310 2622 1376 2679 est:
1403 2603 1448 2678 οὐ
1464 2602 1562 2678 κατὰ
1578 2604 1771 2706 ἐπιταγὴν,
1791 2611 1941 2702 opponit
1958 2606 2042 2682 huic
2057 2637 2189 2705 propo·

1194 2710 1335 2796 sitioni,
1360 2733 1452 2780 nova
1477 2711 1680 2780 obedientia
1697 2726 1749 2782 est
1764 2713 1977 2797 necessaria,
2005 2715 2061 2782 vel
2079 2716 2190 2784 insei-

1196 2813 1243 2882 tia
1265 2823 1335 2894 est,
1361 2813 1419 2881 vel
1441 2812 1670 2904 impudentia.
1731 2814 1914 2886 Discernit
1935 2815 2031 2884 enim
2055 2814 2189 2887 Paulus

1195 2917 1360 2984 mandata
1384 2940 1402 2984 a
1426 2939 1501 2984 non
1520 2916 1715 2994 mandatis,
1747 2939 1811 2985 nec
1829 2918 1921 2988 valet
1937 2919 2189 3011 consequentia

1195 3043 1213 3087 a
1239 3017 1448 3088 confusione
1465 3017 1743 3110 disparatorum,
1768 3033 1808 3088 ιιι
1823 3033 1907 3090 ειιιιι
1920 3021 2096 3112 disparata
2112 3045 2189 3090 nou

1195 3134 1378 3212 praecepta
1399 3136 1430 3190 ει
1455 3135 1648 3214 praecepta.
1700 3119 1782 3190 Non
1807 3116 1979 3212 prohibiti
2002 3137 2086 3194 sunt
2101 3124 2190 3196 certi

1195 3223 1286 3306 cibi,
1313 3248 1395 3312 ergo
1414 3249 1487 3291 non
1506 3217 1727 3314 prohibitum
1746 3237 1796 3294 est
1813 3226 2038 3300 adulterium.
2092 3223 2189 3297 Haec

1196 3349 1267 3395 esse
1281 3319 1528 3398 ἀνακόλουθα
1544 3350 1667 3396 οιιιιιεε
1682 3326 1899 3418 intelligunt.
1943 3327 2057 3400 Docet
2070 3343 2188 3397 autem

153 3435 333 3522 Remmia
354 3433 508 3503 nodari,
529 3435 731 3504 lobannis
752 3435 955 3524 copeleri,
976 3439 1016 3504 de
1037 3437 1144 3504 altera
1195 3429 1396 3496 universam
1407 3423 1600 3496 Ecclesiam
1610 3425 1760 3511 Paulus,
1787 3455 1861 3500 non
1879 3455 1950 3500 esse
1968 3444 2188 3522 praeceptam

552 3521 748 3607 quaetlivne·
1194 3529 1413 3599 Platonicam
1440 3529 1796 3600 communicationem
1822 3555 1958 3617 rerum,
1990 3556 2055 3602 nec
2080 3533 2188 3600 mini-

1195 3647 1285 3701 stros
1300 3627 1486 3720 Evangelii
1509 3641 1642 3700 certum
1664 3656 1851 3700 numerum
1870 3631 2187 3728 Eleemosynarum

253 3663 489 3759 Polycarpum
516 3678 675 3734 sanctum
702 3687 822 3734 senem
845 3665 965 3750 aiunt,
999 3667 1142 3736 solitum
1196 3736 1205 3752 ‚
1262 3735 1269 3752 ,
1721 3733 1729 3750 ,
1835 3735 1843 3750 ,
1902 3737 1909 3751 ,
2160 3735 2168 3752 ,

1196 3739 1351 3804 indicere
1368 3759 1477 3824 posse,
1502 3748 1542 3803 ιιι
1556 3731 1671 3823 Reges
1687 3735 1817 3802 tributa
1833 3737 2009 3806 mdrcunt.
2061 3733 2116 3805 De
2131 3731 2188 3806 his

150 3767 272 3858 digitis
287 3769 471 3838 obstruere
486 3767 629 3836 aurium
643 3779 789 3850 meatus,
815 3767 845 3835 si
861 3771 1004 3860 quando
1021 3768 1143 3838 audie-

147 3871 212 3941 bat
225 3863 446 3960 blasphemas
462 3893 574 3942 voces.
600 3865 679 3958 Ego
695 3882 729 3938 et
744 3864 834 3937 mihi
847 3884 881 3940 et
897 3869 1030 3961 populo
1042 3894 1143 3940 aures

150 3974 351 4043 obstructas
373 3993 447 4040 esse
469 3971 643 4062 optarim,
669 3995 749 4040 cum
768 3973 924 4041 eduntur
942 3986 1003 4042 aut
1019 3973 1143 4062 legun-

150 4073 310 4145 turillae
326 4086 435 4144 tetrae
451 4095 552 4144 voces
566 4075 877 4144 contendentium:
905 4073 1042 4144 Novam
1057 4076 1143 4146 obe-

148 4177 324 4246 dientiam
343 4199 418 4244 non
434 4199 507 4246 esse
523 4176 773 4260 necessariam,
799 4175 899 4244 item:
927 4178 1020 4247 bona
1037 4201 1142 4268 opera

150 4279 292 4349 officere
315 4278 432 4348 saluti.
485 4275 681 4348 Mirabitur
704 4279 889 4368 posteritas
906 4273 1012 4350 huius
1035 4282 1144 4350 seculi

147 4383 309 4464 furores,
335 4405 405 4474 quo
430 4380 655 4466 conceditur,
681 4393 721 4450 ut
745 4381 827 4450 talia
851 4381 1090 4452 defendantur
1105 4384 1142 4450 in

150 4481 328 4574 Templis,
359 4496 394 4553 ει
416 4483 580 4574 legantur
601 4485 639 4552 in
667 4483 818 4573 publicis
844 4481 1004 4574 Scriptis.
1064 4479 1144 4554 Etsi

148 4601 270 4657 autem
292 4580 438 4655 etmihi
460 4586 592 4676 placet,
617 4609 691 4654 non
716 4585 768 4656 uti
795 4579 859 4655 hac
882 4587 1143 4678 propositione:
1297 4581 1481 4656 Adhortor
1498 4586 1603 4658 etiam
1621 4585 1783 4676 publicos
1794 4584 2042 4674 Magistratus,
2067 4597 2106 4654 ut
2121 4609 2188 4675 pu-

149 4685 256 4758 Bona
287 4711 394 4778 opera
422 4700 507 4758 sunt
536 4687 732 4756 necessaria
756 4689 798 4758 ad
821 4689 989 4768 salutem,
1024 4703 1143 4760 tamen
1194 4683 2100 4780 blicispoeniscoherceantpetulantiamillorum,
2126 4687 2189 4781 qui

150 4803 356 4860 constanter
377 4791 546 4875 adfirmo,
574 4802 608 4859 ει
623 4787 700 4858 1)εο
722 4789 865 4860 ἰιινειιιε
887 4790 926 4860 in
945 4804 1017 4862 tota
1033 4805 1146 4863 aeter·
1195 4795 1274 4863 illas
1304 4793 1505 4862 barbaricas
1536 4815 1638 4861 voces
1662 4791 1875 4873 defendunt,
1916 4789 2189 4860 contumeliosas

149 4893 263 4962 nitate
283 4881 498 4978 adfirmabo,
524 4887 616 4962 hanc
634 4892 914 4984 propositionem
935 4918 1054 4963 veram
1070 4919 1144 4966 esse
1195 4909 1318 4966 contra
1343 4891 1479 4979 Deum,
1512 4908 1546 4962 ει
1570 4893 1784 4984 perniciosas
1806 4891 1978 4961 moribus.
2040 4888 2189 4962 Discant

150 4996 230 5064 sine
253 4994 327 5065 ulla
348 4997 532 5086 peregrina
555 4994 865 5085 interpretatione,
890 4995 967 5066 sine
988 4997 1061 5068 ulla
1077 4997 1145 5069 So-
1196 4999 1253 5066 illi
1283 4997 1457 5066 admoniti
1484 4997 1691 5064 verberibus
1715 5008 1755 5064 ut
1781 4989 1984 5078 Thersites,
2025 4995 2188 5083 petulan-

150 5093 303 5190 phistica
325 5097 554 5170 intellectam:
581 5095 681 5167 Nova
699 5097 902 5166 obedientia
919 5113 970 5170 est
985 5123 1146 5170 necessa·
1195 5101 1281 5170 tiam
1297 5097 1439 5188 linguae
1454 5097 1698 5188 turpissimum
1716 5096 1879 5164 morbum
1898 5121 1970 5166 esse
1987 5089 2190 5174 ἀκόλαστος

150 5201 224 5282 ria,
249 5221 330 5285 seu,
354 5201 448 5270 bona
465 5223 570 5289 opera
588 5211 673 5270 sunt
686 5200 901 5281 necessaria,
925 5201 1008 5295 quia
1025 5226 1146 5272 neces·
1195 5206 1348 5301 γλῶσσα
1362 5195 1534 5292 αἰσχίστη
1548 5191 1669 5276 νόσος.
1713 5195 1871 5268 Pertinet
1887 5199 1982 5268 enim
2000 5212 2033 5266 ει
2051 5199 2093 5266 ad
2114 5197 2191 5287 pios

150 5303 285 5372 sarium
308 5325 384 5372 non
408 5301 582 5392 significat
604 5315 701 5373 metu
723 5299 919 5388 extortum,
952 5306 1012 5375 sed
1035 5305 1145 5394 signi·
1195 5305 1420 5392 magistratus
1448 5297 1673 5391 blasphemos
1704 5313 1740 5369 ει
1773 5302 1989 5392 perniciosos
2013 5321 2194 5368 sermones

149 5405 233 5477 ficat
264 5405 429 5476 ordinem
457 5404 640 5490 divinum,
673 5429 745 5499 quo
775 5418 934 5480 creatura
961 5406 1146 5478 rationalis
1199 5405 1338 5500 punire.
1391 5403 1484 5476 Dixi.

1508 5501 1594 5576 56*

1195 3839 1301 3906 tantis
1331 3839 1456 3920 rebus,
1491 3833 1623 3904 Paulus
1651 3835 1875 3904 utilissimam
1906 3837 2104 3906 doctrinam
2136 3838 2188 3907 ibi

1195 3939 1360 4024 tradidit,
1389 3963 1478 4032 quae
1503 3950 1574 4008 tota
1597 3937 1764 4008 obruitur
1785 3940 2047 4022 deliramentis,
2070 3953 2105 4010 ει
2120 3938 2188 4011 So-

1196 4038 1344 4134 phistica
1369 4041 1513 4110 illo-rum
1535 4041 1862 4132 praestigiatorum,
1886 4043 1948 4136 qui
1974 4045 2189 4136 detorquent

1195 4146 1301 4214 verba
1320 4143 1421 4213 Pauli
1442 4141 1571 4212 adalia
1590 4168 1715 4233 opera,
1742 4168 1832 4236 quae
1851 4145 2023 4238 expressis
2040 4145 2189 4214 manda-

1195 4247 1239 4317 tis
1261 4246 1424 4316 ordinata
1446 4257 1539 4314 sunt.
1592 4242 1771 4314 Adclerem
1793 4249 1912 4336 plura,
1940 4249 2008 4316 nisi
2027 4247 2187 4336 angustia

1195 4349 1362 4440 temporis
1386 4343 1603 4440 prohibereta'
1654 4347 1724 4420 Sed
1744 4374 1807 4417 oro
1825 4352 1938 4420 lilium
1953 4347 2042 4432 Dei,
2068 4362 2106 4417 ut
2123 4371 2189 4418 nos

1196 4455 1378 4542 gubernet.
