4896 5974
114 164 191 244 66¹5
853 149 1181 236 CARMINUM
1231 149 1338 227 ΗΒ.
1365 149 1421 223 IL
1683 163 1690 180 ¹
1836 163 1839 168 ·
2078 155 2154 236 658

10 307 12 362 t
115 333 280 464 ΜΦ
904 341 970 420 (an.
983 335 1112 416 15382)
1160 320 1256 396 Cura
1271 325 1318 396 sit
1332 349 1353 395 a
1367 324 1498 394 teneris
1514 321 1646 395 Vatum
1663 349 1873 418 cognoscere
1888 331 2035 423 scripte,

893 430 1106 466 Μ
1212 421 1361 520 Eloquii
1379 428 1496 498 sontes
1513 421 1579 495 hos
1595 427 1681 499 sciat
1696 453 1769 498 esse
1787 453 1885 522 puer.

184 522 258 597 Otr·
276 521 344 579 ³¹²¹·
362 519 445 580 ⁸⁸⁸³·
464 521 500 580 Τ·
514 517 550 577 V·
570 539 597 594 Ρ·
612 517 674 576 889·
710 513 841 570 vincent.
856 533 883 588 Ρ·
900 515 959 572 ¹⁸²·
1161 527 1301 600 Horum
1317 525 1519 621 pectoribus
1538 543 1655 599 motus
1671 528 1770 601 Deus
1784 531 1917 604 indidit
1935 553 2041 604 acres·

200 689 235 758 Ε
265 690 274 708 .
343 667 396 758 ἡ(
551 687 580 758 0
707 683 762 751 L.
804 676 831 751 d
1213 631 1481 725 sublimemque
1496 631 1594 701 dedit
1608 629 1714 703 Musa
1731 659 1859 706 canora
1875 661 2016 707 sonum.

231 694 343 780 imp
369 707 452 760 “m
477 689 526 760 Β·
588 704 679 802 ΜΡ·
748 703 796 752 ⁸⁷⁸
839 700 1021 752 ‘'mam''
1163 733 1298 806 Verum
1312 758 1387 806 nou
1402 735 1486 807 satis
1503 746 1554 804 est
1567 733 1690 824 legisse
1706 741 1866 828 poemata
1883 752 2042 824 tantum,

113 833 187 908 llic
200 835 268 907 sita
282 833 501 914 Lindemani
516 845 600 906 suut
615 829 745 920 frigida
762 823 928 920 Casperis
942 849 1041 924 ossa,
1215 836 1370 908 Accedat
1384 837 1511 906 studiis
1524 836 1633 908 altera
1650 859 1732 908 cura
1749 839 1831 909 tuis.

101 1022 109 1030 ‚
167 935 244 1030 Qui
256 935 400 1010 Medica
415 937 532 1008 clarus
547 933 684 1007 Doctor
699 931 738 1000 in
755 944 831 1002 arte
845 929 925 1000 suit·
1162 937 1212 1011 Ut
1226 940 1340 1009 doctis
1354 939 1475 1029 digitis
1491 939 1648 1030 exempla
1664 940 1828 1032 effingere
1843 955 1971 1026 certes,

112 1039 164 1116 Et
175 1041 348 1138 quoniam
364 1039 498 1131 insigni
513 1037 696 1109 doctrinae
710 1033 920 1103 adiunxerat
935 1030 1063 1116 88881,
1212 1039 1347 1130 Cogere
1363 1053 1398 1110 et
1413 1040 1451 1108 in
1468 1063 1637 1111 numeros
1653 1045 1760 1113 verba
1774 1043 1889 1114 soluta
1906 1067 2031 1118 novos.

165 1143 334 1218 Saronici
347 1141 532 1214 Medicum
549 1138 698 1230 contigit
714 1157 789 1205 esse
804 1134 927 1206 Ducis.
1161 1144 1231 1216 llic
1245 1145 1348 1214 labor
1362 1143 1498 1232 ingenii
1512 1143 1606 1214 vires
1623 1142 1787 1239 acuitque
1802 1147 1985 1239 fovetque,

114 1249 275 1321 Tantum
291 1247 346 1316 illi
360 1269 548 1339 perperere
568 1245 677 1314 decus
690 1261 877 1331 moresque
889 1237 1064 1329 fidesque,
1211 1244 1308 1316 Hine
1325 1245 1424 1314 venit
1440 1243 1573 1338 eloquii
1591 1246 1712 1337 copia,
1745 1248 1877 1334 forma,
1906 1247 2015 1320 nitor.

162 1349 317 1442 Egregia
333 1361 507 1444 quantum
527 1345 644 1416 laudis
659 1343 705 1414 ab
720 1355 794 1412 arte
809 1339 905 1428 tulit.
1161 1349 1240 1420 Hoc
1257 1349 1287 1418 si
1302 1348 1503 1434 languescet
1515 1347 1693 1433 studium,
1727 1349 1758 1418 si
1774 1350 1897 1439 ignara
1912 1349 2079 1421 iuventus
2142 1351 2145 1358 ’
2232 1351 2239 1364 ’

113 1453 240 1544 Quare
249 1465 462 1547 perpetuum
479 1447 544 1520 tali
560 1448 698 1518 ratione
711 1443 891 1527 favorem,
1210 1449 1293 1520 Non
1310 1450 1463 1540 perferre
1479 1449 1574 1518 volet
1589 1451 1704 1520 taedia
1718 1451 1824 1542 longa
1844 1451 1943 1548 styli:

168 1555 308 1628 iudicio
326 1552 458 1624 meruit
471 1549 652 1644 Principis
668 1548 730 1617 ille
745 1546 846 1620 boni·
1161 1553 1230 1623 Hei
1250 1549 1339 1622 mihi
1353 1575 1443 1644 quae
1461 1552 1575 1620 clades
1588 1553 1742 1645 reliquas
1757 1554 1887 1624 iterum
1908 1557 2036 1626 obruet
2052 1568 2144 1626 artes

115 1659 265 1731 Pectore
279 1682 355 1744 non
369 1655 449 1726 ficto
466 1678 602 1726 numen
622 1651 771 1722 coeleste
789 1647 943 1732 colebat,
1212 1653 1401 1725 Barbaries
1417 1655 1579 1724 tenebras
1595 1650 1739 1725 invehet
1755 1671 1829 1728 atra
1847 1681 1969 1730 novas.

167 1759 224 1832 Te
237 1763 373 1832 fontem
390 1757 548 1828 medicae
566 1751 708 1828 Christe
723 1751 900 1842 professus
914 1746 1005 1838 091⁵·
1163 1757 1221 1830 Ad
1239 1756 1345 1828 Vates
1360 1757 1469 1846 igitur
1481 1755 1608 1826 docilis
1621 1761 1817 1829 revocanda
1834 1755 2024 1838 Iuventus,

114 1861 212 1956 Ergo
230 1864 370 1934 animae
385 1860 496 1954 ipsius
510 1859 684 1930 concedas
699 1852 851 1924 maxime
865 1845 1025 1933 Christe,
1213 1859 1310 1930 Hinc
1327 1860 1397 1928 sibi
1414 1859 1587 1928 sermonis
1604 1860 1740 1928 lumina
1754 1863 1847 1931 clara
1864 1855 1990 1931 trahat.

164 1963 209 2037 ln
225 1967 360 2058 gremio
375 1978 416 2037 ut
429 1963 528 2034 vivat
541 1984 617 2032 11011
628 1957 803 2029 moritum
821 1969 896 2026 tuo·
1163 1961 1210 2035 Et
1225 1985 1429 2058 quanquam
1447 1963 1625 2032 oblectent
1644 1964 1854 2057 numerique
1870 1963 2019 2056 sonique
2035 1963 2157 2052 legen·
2230 2023 2236 2034 .

415 2093 418 2096 ·
1675 2077 1763 2134 tem:
2071 2053 2085 2080 ⁶

1212 2163 1349 2238 Rerum
1364 2164 1502 2235 animos
1519 2164 1671 2254 gravitas
1687 2167 1766 2256 plus
1782 2181 1902 2237 tamen
1918 2168 1993 2259 ipsa
2010 2165 2114 2258 capit.

903 2289 969 2386 (gn,
986 2287 1114 2385 1538?)
1162 2267 1333 2340 Naturam
1350 2291 1469 2338 rerum
1486 2279 1596 2336 totam
1610 2266 1756 2357 pinxere
1772 2267 1912 2343 Poene.

903 2389 1111 2418 νὼ
1165 2420 1173 2427 -
1214 2367 1264 2441 Et
1278 2393 1419 2439 morum
1436 2392 1526 2461 quae
1543 2369 1589 2437 sit
1605 2392 1731 2439 norma
1746 2373 1943 2464 sequenda,
1969 2373 2108 2444 docent.

188 2489 266 2564 opp.
284 2485 353 2544 Met·
369 2481 452 2540 Bntt.
469 2479 504 2536 T·
518 2479 553 2536 V·
571 2495 598 2550 P·
612 2477 674 2533 888·
711 2473 838 2530 vincens.
857 2491 883 2544 Ρ·
897 2472 955 2526 888·
1164 2471 1213 2543 Hi
1229 2483 1516 2542 monstraverunt
1530 2469 1622 2540 coeli
1638 2471 1775 2562 fastigia
1792 2473 1964 2564 primum,

315 2653 325 2672 ·
427 2647 435 2664 ,
785 2640 792 2654 ,
902 2637 910 2654 .
1213 2573 1298 2645 Non
1313 2574 1502 2662 mergenda
1517 2573 1608 2642 mari
1625 2597 1714 2666 quae
1729 2571 1915 2668 Cynosura
1930 2585 2049 2656 notat,

255 2642 503 2745 fil'lml'mm
525 2645 648 2722 lim·
676 2659 702 2708 α
727 2639 858 2731 M⁸n9
866 2655 909 2705 Μ
920 2641 975 2703 η’
1038 2763 1041 2770 .
1165 2677 1214 2750 Ut
1230 2689 1374 2748 teneant
1390 2688 1498 2743 metas
1512 2675 1668 2745 errantia
1683 2677 1798 2748 sidera
1816 2692 1944 2761 certas,

115 2789 188 2861 Hic
201 2783 343 2862 tumulo
358 2776 707 2875 placidss'defssssclus
720 2782 835 2840 880888
850 2763 1020 2853 loannes,
1215 2775 1394 2870 Signifero
1410 2772 1548 2846 Phoebi
1563 2801 1652 2870 quae
1669 2779 1715 2848 sit
1727 2779 1766 2846 in
1783 2781 1869 2849 orbe
1884 2779 1952 2848 via.

168 2886 386 2982 Mingvitiae
398 2878 512 2974 gentis
530 2877 643 2970 gloria
658 2896 797 2944 summa
813 2870 930 2944 tubat·
1165 2880 1322 2951 Tardior
1334 2879 1467 2950 aestivo
1481 2903 1545 2948 cur
1558 2874 1729 2950 Phoebus
1742 2881 1780 2948 in
1796 2905 1860 2952 axe
1875 2876 2025 2950 vehatur

116 2995 196 3089 Qui
212 2989 354 3086 generi*
365 2985 489 3058 titul'oss
504 2981 604 3053 ³1¹¹ss
619 2973 762 3048 88888888
775 2968 935 3057 8808088·
1215 2981 1307 3055 Cum
1323 2994 1465 3074 superat
1481 2982 1596 3052 noctis
1610 2995 1767 3073 tempora
1786 2985 1891 3074 longa
1909 2982 1997 3052 dies.

170 3097 292 3189 Quam
307 3111 446 3181 semper
459 3103 638 3156 tammum
652 3077 804 3150 credidit
820 3097 894 3144 8888
913 3077 1030 3148 decus·
1165 3085 1370 3178 Brumaque
1387 3108 1450 3154 cur
1466 3097 1587 3153 noctes
1603 3087 1767 3156 extendat
1781 3086 1930 3176 frigida,
1962 3083 2106 3178 quando

114 3202 236 3298 lpsius
253 3198 294 3267 in
311 3192 480 3286 gravibus
495 3183 683 3279 prudentia
698 3178 838 3270 cognita
853 3177 978 3261 rebus,
1216 3186 1292 3257 lura
1308 3200 1405 3257 tenet
1419 3187 1548 3254 celeres
1563 3188 1678 3257 orbita
1696 3188 1781 3258 solis
1795 3211 1918 3282 equos.

168 3299 220 3377 Et
233 3321 336 3370 mens
349 3291 500 3366 consilio
512 3288 636 3381 plena,
669 3284 809 3375 fideque
824 3279 905 3352 fuit·
1166 3290 1319 3362 Lumine
1334 3313 1399 3358 cnr
1412 3301 1528 3357 careat
1543 3313 1623 3358 cum
1639 3288 1715 3359 Soli
1731 3291 1890 3382 proxima
1902 3289 2006 3360 Luna
2024 3303 2093 3371 est,

111 3395 277 3500 Eloquio
296 3397 394 3470 flexit
406 3413 618 3483 magnorum
630 3399 772 3478 pectora
788 3379 947 3472 Regum,
1216 3387 1264 3462 Et
1281 3391 1398 3460 medio
1414 3391 1559 3458 fratrem
1575 3415 1639 3459 cur
1656 3405 1748 3481 tegat
1764 3393 1838 3483 ipsa
1855 3393 1914 3461 die

169 3505 373 3582 Artibns'et
386 3494 522 3584 cunctis
537 3489 660 3561 floruit
675 3487 738 3556 ille
751 3499 864 3574 togae·
1168 3493 1216 3568 Ut
1229 3491 1371 3564 Lunam
1386 3491 1546 3560 involvat
1563 3492 1668 3562 tellus
1682 3493 1887 3584 ingentibus
1904 3493 2060 3576 umbris,

113 3607 167 3685 Et
180 3609 264 3706 pius
276 3607 321 3678 ad
339 3599 477 3696 patriae
487 3593 639 3688 respexit
652 3589 838 3660 commoda
856 3605 1012 3678 semper,
1050 3609 1054 3616 '
1217 3591 1265 3672 Et
1278 3607 1370 3665 vetet
1384 3593 1549 3684 opposito
1562 3593 1698 3662 lumine
1712 3616 1812 3686 posse
1829 3595 1915 3663 frui.

167 3713 292 3806 Atque
307 3718 412 3779 autor
425 3697 537 3771 dnbio
554 3711 715 3785 tempore
728 3687 824 3782 pacis
843 3699 927 3756 erat·
1169 3698 1338 3792 Quasque
1354 3696 1448 3763 vices
1463 3707 1604 3763 servent
1620 3695 1769 3766 orientia
1787 3695 1902 3766 sidera
1920 3697 2036 3778 coelo,

116 3817 244 3909 Quare
256 3807 419 3883 difficiles
431 3802 534 3873 aulae
549 3799 753 3868 moderator
768 3787 925 3860 habenas
1003 3889 1006 3896 ι
1218 3797 1265 3870 Et
1281 3797 1550 3893 quodiscedant
1563 3797 1688 3866 ordine
1705 3821 1817 3866 mersa
1833 3799 1941 3883 rnari,

167 3909 340 3992 saxonici
357 3906 450 3979 rexit
468 3899 730 3991 consiliumque
745 3891 868 3966 Ducis.
1170 3902 1271 3993 Quae
1284 3900 1406 3987 stellae
1422 3898 1520 3968 diros
1538 3913 1723 3985 moveant,
1748 3913 1925 3993 orantque
1940 3897 2122 3978 Cometes,

114 4019 217 4114 Ergo
230 4017 336 4089 illurn
352 4006 516 4108 quamvis
531 3999 758 4098 properantia
774 3997 844 4067 lata
862 3993 1041 4069 tulerunt,
1115 3999 1122 4010 “
1220 4001 1273 4075 Ac
1285 4001 1439 4072 flammis
1458 4001 1535 4070 istis
1551 4015 1712 4092 suppetat
1726 4003 1823 4071 unde
1838 4027 1961 4093 vapor.

167 4118 328 4192 Virtutis
340 4115 448 4184 durat
462 4107 574 4200 gloria
589 4125 716 4194 magna
731 4115 864 4173 tamen.
1168 4107 1224 4180 Ne‘
1239 4127 1360 4175 causas
1374 4103 1524 4174 recitant
1536 4112 1695 4190 tantum,
1722 4105 1782 4173 sed
1796 4105 1866 4174 fata
1882 4101 2012 4176 Poetae

115 4227 180 4300 Tu
198 4243 343 4321 quoque
355 4219 420 4288 des
433 4212 488 4284 illi
503 4208 681 4287 coelestis,
715 4202 845 4294 gaudia
857 4198 971 4284 vitae,
1220 4207 1457 4290 Describunt,
1483 4204 1558 4275 fieri
1574 4230 1639 4275 nec
1655 4219 1784 4275 temere
1801 4207 1864 4276 ista
1881 4221 2039 4278 mouent.

170 4327 277 4420 Quae
290 4320 394 4418 petiit
411 4315 503 4388 votis
520 4311 671 4382 maxime
685 4302 827 4380 Christe
842 4301 923 4395 piis·
1170 4310 1258 4382 Esse
1273 4309 1390 4381 Deum
1407 4332 1525 4377 rerum
1545 4323 1702 4379 autorem
1721 4323 1912 4394 testantur,
1944 4323 1977 4378 et
1994 4309 2102 4379 istum

275 4451 297 4460 „
692 4431 694 4434 ’
813 4443 814 4451 “
1220 4411 1405 4483 Mentibus
1422 4405 1590 4479 humanis
1610 4406 1694 4480 haec
1710 4411 1794 4478 dare
1811 4411 1909 4502 signa
1925 4413 2055 4480 ferunt.

997 4509 1119 4517 “-
1170 4513 1240 4588 Cui
1254 4539 1328 4585 uon
1342 4536 1397 4582 res
1412 4511 1523 4582 libeat
1536 4513 1692 4583 studiose
1707 4513 1887 4606 inquirere
1901 4509 2040 4582 tantas?

118 4673 178 4743 No
211 4661 285 4737 156
929 4645 1091 4710 an‚15352
1220 4616 1320 4689 Dura
1336 4615 1406 4684 nisi
1423 4615 1480 4683 cui
1496 4639 1595 4682 mens
1612 4615 1663 4684 est
1682 4611 1881 4684 Adamante
1898 4615 2018 4704 magis.

124 4719 302 4798 ψ’ν-ὶ
901 4737 1113 4784 Μ
1171 4719 1245 4790 Has
1271 4718 1556 4810 complectuntur
1575 4715 1703 4786 Vatum
1726 4731 1956 4802 monumenta
1977 4718 2166 4808 bonorum,

195 4853 277 4925 Apud
291 4850 418 4927 vtneent.
434 4860 461 4915 p.
475 4838 534 4900 67..
558 4833 606 4906 qut
619 4829 733 4922 rnqgtnt
749 4824 906 4909 quaeipsis:
926 4839 1026 4891 „³⁰⁰⁰
1043 4819 1121 4876 15⁸⁹·
1223 4821 1408 4911 Quantum
1425 4819 1516 4910 ipsas
1530 4814 1670 4892 homiui
1688 4843 1829 4888 cernere
1846 4843 1946 4909 posse
1964 4819 2080 4889 datur.

224 4905 650 5046 5¹²⁰⁰9llffi¹²fi⁸dfflgf⁰⁰⁰¹
676 4941 683 4955 '
717 4893 934 4952 ³¹¹³¹¹¹¹¹¹M⁰L
952 4891 1043 4946 ’eim'
1061 4887 1119 4942 ω’
1171 4921 1268 5016 Ergo
1285 4923 1494 5004 dexteritas,
1530 4933 1563 4990 et
1579 4921 1673 4992 docti
1690 4945 1773 4990 cura
1789 4919 1929 5016 Mycilli

228 5011 308 5049 ‘⁸⁰¹‘
397 5018 405 5037 ⁸
447 4999 492 5051 ,p
1114 5032 1117 5042 '
1223 5025 1280 5098 Ad
1300 5024 1423 5096 Musas
1436 5025 1548 5093 lector
1563 5047 1641 5092 eum
1657 5023 1724 5094 tibi
1740 5035 1913 5093 monstret
1930 5023 2013 5094 iter:

340 5125 402 5206 Ad
421 5121 631 5203 omissam
657 5117 908 5186 iuteniuiem·
1171 5127 1250 5200 Hoc
1265 5131 1359 5209 duce
1368 5124 1533 5196 Parnassi
1550 5125 1658 5194 celsas
1676 5125 1856 5196 ascendito
1871 5150 1996 5220 rupes,
2017 5171 2038 5205 n

121 5281 163 5354 Si
180 5279 290 5348 decus
306 5261 487 5339 Ausoniae
504 5257 647 5344 linguae
661 5248 814 5319 retinere
830 5241 979 5313 studetis
1223 5228 1347 5301 Ettun
1361 5227 1545 5299 doctrinae
1559 5227 1720 5297 lontibus
1737 5251 1797 5296 ora
1817 5230 1904 5320 riga.

175 5379 217 5452 Si
232 5370 362 5466 cupitis
377 5359 594 5437 rectererba
607 5353 717 5426 latina
730 5345 851 5442 loqui,

115 2181 164 2192 ..—

10 2325 11 2332 ’
117 2313 185 2387 Νο.
205 2305 292 2382 165.

124 2405 299 2441 ms·

649 4517 831 4527 -.....-...----—
842 4517 892 4521 ——-
909 4515 940 4519 -—·
