4906 5986
135 209 181 278 st
291 185 754 289 rrtsronaautu,
808 148 1742 310 innrotonounr‘scnnroanu
1792 203 2055 322 arnan.
2134 228 2185 305 ss
2265 157 2269 164 ⁵

1010 473 1131 502 Μ

1076 544 1087 564 ι

138 373 333 501 Q,
385 416 389 426 .

567 563 621 650 N.
655 564 709 650 Ν.

242 703 341 802 nata
359 743 459 816 arra.
477 741 627 817 psosn.
721 812 723 818 ,

427 889 852 976 commendatoria.

139 1042 301 1127 Etiamsi
318 1053 419 1124 nulle
444 1047 540 1122 mibi
558 1051 748 1124 nobiscum
773 1019 962 1128 intercedit
984 1055 1133 1128 noticia:

143 1169 262 1228 tamen
287 1180 369 1226 cum
401 1155 637 1247 intelligerem
662 1149 806 1226 Adami
834 1157 949 1228 nostri
973 1158 1134 1229 fortunas

144 1280 269 1328 omnes
286 1259 325 1328 in
343 1280 472 1348 magno
490 1257 696 1328 discrimine
711 1259 844 1352 positas
858 1259 949 1345 esse,
974 1283 1049 1330 non
1064 1261 1133 1330 ‹lu-
1186 1297 1196 1315 ·

144 1359 258 1432 bitavi
283 1361 329 1430 ad
364 1383 428 1430 vos
460 1359 635 1444 scribere,
673 1360 879 1452 praesertim
911 1373 1054 1452 rogatus
1087 1363 1133 1434 ab

80 1541 83 1546 ,
143 1456 304 1536 Adamo.
356 1457 522 1554 ldqneut
537 1460 626 1532 boni
643 1461 835 1534 consulatis
852 1487 927 1534 oro.
968 1461 1050 1534 Non
1064 1463 1132 1533 du·

144 1565 221 1636 hito
242 1562 332 1658 quin
345 1557 536 1634 Adamam
558 1575 704 1655 propter
725 1564 889 1634 eximiam
904 1565 1041 1655 ingenii
1054 1589 1133 1635 mo·

144 1666 313 1750 deuiam,
347 1665 452 1735 iidem
484 1677 528 1752 et,
550 1663 775 1756 diligentiam
801 1665 842 1736 in
867 1669 969 1738 omni
993 1689 1132 1758 genere,

145 1782 325 1860 postremo
348 1767 453 1838 etiam
478 1777 624 1860 propter
647 1767 886 1840 eruditionem
910 1794 985 1840 non
1007 1770 1131 1860 vulga-

145 1894 222 1940 rem
238 1867 374 1944 saletis.
427 1864 550 1962 ltaque
572 1891 676 1962 spero
698 1871 803 1942 vobis
826 1871 902 1942 eius
920 1871 1066 1962 negocia
1089 1895 1131 1941 ac

147 1972 295 2042 salutem
319 1992 424 2039 curae
444 1970 532 2043 iore.
593 1968 666 2043 Sed
694 1983 813 2043 tamen
842 1987 884 2045 ut
913 1973 1131 2064 intelligatis,

146 2087 365 2168 quantopere
386 2085 526 2163 expetat
545 2085 701 2144 vestrum
725 2074 914 2145 consilium
944 2069 1012 2146 hoc
1041 2089 1131 2146 tem-

145 2199 251 2267 pore,
277 2187 312 2244 et
330 2187 503 2266 quantum
516 2174 587 2246 sibi
598 2175 765 2266 praesidii
777 2177 816 2246 in
833 2177 903 2246 lide
916 2191 951 2249 et
973 2177 1130 2248 amicitia

145 2290 260 2346 vestra
293 2275 447 2367 positum
478 2299 553 2348 esse
586 2275 776 2350 existimet:
817 2279 1001 2350 contendit
1026 2303 1046 2349 a
1072 2301 1130 2348 me

144 2402 303 2472 qttoque,
330 2391 369 2448 ut
383 2400 483 2448 suam
501 2400 641 2474 pausam
659 2380 761 2450 vobis
777 2383 1052 2468 commodarem.

1192 361 1297 442 Dens,
1317 366 1449 453 voluit,
1481 379 1518 440 et
1545 385 1654 442 metas
1687 378 1908 466 generationi
1941 351 2184 476 circumdedit.

1192 465 1288 556 Quia
1319 463 1405 540 haec
1440 469 1554 542 virtus
1588 475 1727 550 illustre
1761 472 1952 568 discrimen
1978 493 2063 568 lacit
2086 499 2182 574 inter
2292 493 2296 502 ¹

1187 566 1323 687 Deum,
1352 595 1393 644 ac
1415 585 1560 644 naturas
1579 575 1783 654 immundas
1805 581 2029 666 Daemonum
2052 621 2093 674 ac
2113 599 2181 678 bo-

1187 693 1340 743 minum.

1234 772 1237 778 ’
1288 786 1382 863 Cum
1406 790 1516 883 igitur
1528 789 1646 866 Deum
1668 798 1909 896 alloquentes,
1935 837 2009 892 non
2036 843 2180 898 cernere

1187 909 1270 960 eum
1303 892 1435 980 oculis,
1478 917 1554 964 non
1588 899 1774 992 complecti
1803 905 1959 985 brachiis
1988 923 2177 1012 possimus,

1085 1055 1095 1074 ,
1185 1005 1306 1064 mente
1322 1015 1404 1065 eum
1418 995 1639 1069 intueamur:
1664 1002 1856 1094 cogitemus
1873 1013 1950 1087 eins
1970 1025 2177 1111 patefactio-

1186 1117 1267 1180 nes,
1284 1107 1318 1166 et
1335 1096 1578 1171 discernamus
1592 1124 1673 1174 eum
1689 1105 1735 1175 ab
1748 1109 1827 1180 aliis
1841 1120 1979 1190 naturis
1992 1147 2072 1195 cum
2087 1131 2177 1202 alia-

1184 1219 1266 1265 rum
1281 1196 1470 1286 virtutum,
1492 1214 1572 1271 tum
1586 1213 1670 1276 dero
1690 1209 1858 1284 castitatis
1872 1224 2066 1297 mentione.
2092 1229 2173 1320 Qua

1183 1320 1222 1366 m
1237 1298 1452 1389 cogitatione
1468 1296 1535 1374 hoc
1552 1303 1657 1376 etiam
1675 1309 1795 1382 veniat
1814 1313 1850 1384 in
1865 1337 2033 1406 mentem,
2055 1327 2171 1406 Deum

1183 1399 1346 1469 execrari-
1371 1417 1455 1474 vota
1489 1418 1523 1474 et
1552 1430 1671 1497 preces
1711 1413 1929 1501 pollutorum
1972 1419 2172 1512 hominum.

1183 1497 1307 1588 Quare
1326 1502 1366 1571 in
1388 1504 1487 1574 omni
1510 1505 1581 1576 vita
1607 1510 1699 1616 tueri
1728 1517 1922 1592 castitatem
1955 1534 2172 1624 studeamus,

1182 1615 1217 1673 et
1234 1603 1398 1674 ordinem
1414 1630 1433 1675 a
1450 1603 1526 1677 Deo
1543 1610 1716 1682 sancitum
1733 1639 1901 1692 amemus.
1937 1625 2049 1721 Saepe
2064 1637 2169 1708 etiam

1181 1703 1401 1776 voluntatem
1425 1703 1495 1779 Dei
1514 1711 1795 1805 contemplemur
1816 1719 1852 1790 in
1869 1730 2036 1823 exemplis
2052 1728 2170 1809 horri-

1181 1805 1308 1877 bilium
1325 1831 1538 1900 poenarum,
1553 1837 1643 1906 quae
1660 1819 1777 1910 turpia
1793 1821 1986 1901 libidinum
2003 1833 2169 1912 incendia

1181 1921 1298 1978 secuta
1326 1923 1429 1996 sunt,
1465 1909 1777 2005 conflagrationem
1802 1917 2003 2020 Sodomae,
2038 1925 2171 2013 Cana-

1182 2029 1357 2079 naeoram
1378 2013 1606 2101 deletionem,
1639 2019 1783 2092 exilium
1808 2021 1994 2121 Davidis,
2016 2032 2169 2132 Troiae,

1179 2103 1410 2198 Thebarum,
1435 2104 1613 2212 Spartae,
1639 2133 1673 2190 et
1687 2121 2005 2206 innumerabilium
2022 2143 2167 2218 urbium

1181 2213 1334 2300 excidia,
1360 2216 1644 2308 etplurimarum
1662 2225 1821 2312 gentium
1844 2245 1879 2304 et
1901 2221 2087 2314 hominum
2110 2248 2168 2318 in-

1181 2315 1316 2386 teritus.
1369 2315 1531 2406 Quarum
1547 2321 1805 2418 calamitatum,
1830 2336 1896 2406 etsi
1913 2341 2022 2412 multa
2038 2348 2169 2421 scelera

1181 2433 1417 2504 concurrunt,
1455 2432 1576 2491 tamen
1607 2427 1789 2516 proximae
1815 2459 1960 2524 causae,
2000 2467 2041 2516 ac
2069 2451 2169 2525 velut

247 2493 755 2588 Quae³⁰ltl¹⁰¹¹¹l⁰l³llm¹¹ffl
772 2499 936 2568 ¹⁰¹¹V²¹¹⁰¹¹¹
958 2498 1131 2569 “stamini
1181 2517 1498 2616 apoaacapaaaal
1528 2523 1674 2598 suemnt
1705 2529 1891 2610 libidines:
1927 2567 1991 2615 nec
2019 2548 2091 2622 ulla
2117 2569 2168 2626 est

144 2598 313 2666 adversus
328 2599 502 2667 curatoris
519 2598 756 2692 iniquitatem.
793 2599 926 2670 Totum
942 2601 1131 2691 negocium
1181 2633 1274 2690 κω,
1289 2623 1367 2691 ,ine
1383 2622 1584 2714 insignibus
1600 2631 1780 2724 exempli,

146 2712 298 2787 exponet
320 2699 421 2768 vobis
446 2699 580 2789 ipsein
601 2700 675 2768 suis
697 2701 821 2774 literis.
872 2699 1132 2771 Humanissimi

149 2797 263 2867 animi
278 2812 347 2882 est,
373 2799 474 2867 adlici
491 2799 652 2889 periculo
663 2801 768 2870 amici
784 2797 818 2895 ¹)
834 2814 944 2873 tanto.
986 2801 1132 2874 Trihuit

148 2913 267 2968 autem
303 2899 405 2968 vobis
445 2921 619 2968 sommam
661 2896 917 2974 humanitatem
951 2899 1131 2980 Adamas.

147 3002 270 3088 Quare
286 3023 360 3070 rem
378 3000 522 3087 dignam
539 3001 692 3073 feceritis
710 2999 848 3072 homini
874 3008 993 3091 docto,
1019 3021 1052 3076 et
1076 3009 1132 3076 ol-

146 3102 225 3170 licia
243 3094 462 3172 humanitate
479 3101 665 3188 metiente,
689 3103 718 3173 si
733 3107 995 3197 confugientem
1012 3111 1133 3178 advos

148 3197 337 3274 Adamam
362 3201 604 3278 defenderitis.
664 3203 746 3276 Tali
781 3209 924 3298 ingenio
954 3223 1005 3280 est
1025 3203 1133 3281 Ada-

150 3327 246 3396 mas,
271 3305 647 3396 utpolliceargratum
665 3307 752 3382 lore.
792 3307 889 3380 llaec
905 3312 1043 3404 scripsi,
1070 3313 1132 3382 ad-

148 3410 277 3476 ductus
300 3405 549 3477 benevolentis
580 3429 660 3498 erga
682 3404 889 3499 Adamam,
921 3425 955 3483 et
980 3437 1134 3484 comme-

146 3509 345 3580 moratione
360 3521 557 3579 vrstrarum
580 3509 753 3582 virtutum
769 3537 809 3583 ac
822 3514 1020 3602 doctrinae,
1047 3539 1134 3609 quas

148 3611 400 3681 liberalissime
415 3609 595 3701 praedicat
612 3605 792 3683 Adamas.
845 3613 981 3690 Valete.

142 4001 342 4130 QZ

958 4111 1130 4142 Μ

574 4207 714 4297 Ν.Ν.

223 4379 323 4437 Select.
332 4401 424 4518 ἱεῶρ.
438 4381 499 4442 889.
540 4385 628 4470 Epist.
644 4385 691 4444 lib.
708 4389 732 4444 l.
749 4403 776 4460 p.
786 4384 846 4447 488.
869 4390 928 4454 (ed.
948 4389 1038 4448 Laod
1054 4389 1102 4449 lib.
1117 4391 1138 4446 l.

256 4451 400 4578 Βρὲοἲω.
419 4451 698 4596 ῐιξιῖὴιὲιέης.
715 4475 744 4532 p.
759 4455 818 4514 tss.
836 4481 870 4502 -
896 4457 1017 4532 Repetite
1029 4461 1058 4516 in
1073 4459 1142 4518 Mel.

294 4673 473 4776 Epistola
487 4677 744 4778 gratulatoria
762 4675 805 4754 da
819 4682 1002 4784 coniugio.

153 4800 210 4886 Ut
224 4829 440 4890 caeterarum
453 4821 615 4892 omnium
635 4821 810 4893 virtutum
830 4823 979 4894 notitiae
1008 4823 1144 4895 inditae

159 4930 242 4988 sunt
255 4913 423 4992 humanis
440 4923 639 5010 mentibus,
666 4936 705 5010 et
716 4923 904 4996 adiunctae
920 4949 1054 5018 poenae
1075 4923 1145 4996 im-

159 5031 258 5087 moto
274 5021 400 5094 ordine
414 5025 544 5094 scelera
563 5025 798 5111 comitantur,
819 5040 862 5097 ut
883 5049 956 5096 esse
972 5025 1087 5100 Deum
1111 5041 1146 5100 ct

158 5121 277 5209 qtralis
303 5123 348 5196 sit
381 5128 589 5215 cogitemus3
624 5129 673 5198 ita
706 5141 741 5198 et
773 5127 966 5200 castitatem
993 5129 1146 5220 intelligi

148 5277 379 5296 *aa*

195 5369 220 5433 l)
239 5365 373 5421 Manliusa
391 5368 490 5421 animi.

1283 2737 1410 2812 Laudo
1426 2742 1536 2832 igitur
1550 2747 1739 2838 consilium
1754 2765 1874 2842 tuum,
1900 2764 2015 2853 quod,
2039 2782 2080 2840 ut
2093 2719 2169 2842 Deo

1181 2833 1420 2932 obtemperes,
1448 2845 1487 2912 in
1510 2845 1676 2938 coniugio
1702 2867 1797 2924 casto
1818 2871 1852 2929 et
1876 2861 1937 2951 pio
1963 2865 2081 2939 'vivere
2103 2875 2169 2942 de-

1183 2941 1335 3012 crevisti.
1386 2941 1436 3014 Et
1451 2943 1565 3016 Deum
1582 2962 1764 3024 aeternum
1780 2955 1920 3034 Patrem
1937 2963 2087 3040 Domini
2103 2997 2170 3045 no-

1182 3043 1247 3114 stri
1264 3039 1342 3114 lesu
1360 3041 1514 3132 Christi,
1540 3051 1762 3124 conditorem
1778 3063 1916 3147 generis
1941 3058 2108 3155 humani,
2136 3091 2170 3148 et

1183 3159 1342 3216 autorem
1365 3149 1559 3218 dulcissimi
1583 3153 1735 3226 foederis
1764 3163 1979 3253 coniugalis,
2015 3197 2096 3260 oro,
2129 3191 2170 3250 ut

1184 3248 1287 3317 vobis
1302 3271 1440 3340 semper
1456 3251 1565 3336 adsit,
1591 3268 1626 3324 et
1647 3258 1853 3352 coniugium
1879 3282 2034 3344 vestrum
2054 3301 2094 3347 ac
2116 3293 2171 3351 to-

1183 3361 1260 3420 tum
1276 3349 1368 3420 vitae
1385 3375 1525 3422 cursum
1540 3357 1725 3445 gubernet.

1287 3480 1366 3554 Etsi
1391 3497 1509 3556 autem
1533 3487 1607 3558 scio
1634 3504 1668 3560 te
1691 3515 1792 3585 saepe
1813 3501 1985 3593 cogitare,
2023 3535 2103 3583 rum
2127 3519 2171 3589 dt

1186 3585 1331 3656 caeteris
1354 3586 1448 3656 vitae
1470 3587 1616 3676 ciliciis,
1650 3605 1725 3662 tum
1748 3621 1832 3669 vero
1855 3605 1958 3674 etiam
1982 3613 2026 3681 de
2048 3620 2172 3706 causis,

1186 3700 1332 3780 propter
1344 3711 1431 3781 quas
1445 3684 1513 3758 hoc
1528 3691 1620 3762 vitae
1638 3715 1749 3785 genus
1766 3709 2022 3798 expetendum,
2049 3736 2172 3788 arnan-

1187 3791 1292 3872 dam,
1318 3802 1352 3859 et
1368 3791 1542 3862 tuendum
1557 3808 1630 3879 est,
1655 3809 1691 3868 ct
1712 3799 1757 3868 de
1769 3802 1845 3874 eius
1861 3814 2056 3885 commodis
2069 3831 2103 3890 et
2115 3821 2173 3890 in-

1188 3891 1404 3975 commodis,
1430 3905 1549 3962 tamen
1564 3917 1661 3967 nunc
1675 3897 1770 3970 inter
1792 3921 1872 3978 vota
1895 3910 2055 4002 publica,
2081 3933 2116 3996 et
2138 3937 2175 3994 ts

1158 4042 1159 4046 ,
1188 4005 1223 4063 et
1243 4015 1327 4078 nos,
1352 3993 1413 4087 qui
1437 3994 1503 4062 tibi
1525 3997 1616 4066 bene
1639 3997 1824 4092 volumus,
1856 4003 1922 4082 hac
1945 4014 2019 4105 ipsa
2041 4023 2174 4114 cogita·

1189 4095 1287 4165 tione
1301 4097 1490 4166 accendere
1507 4097 1645 4169 animos
1658 4101 1711 4174 *ad
1726 4103 1988 4186 invocationem
2006 4115 2074 4192 Dei
2089 4149 2176 4196 con-

1190 4195 1299 4266 venit.
2179 4205 2183 4215 ¹

1292 4308 1357 4383 Est
1374 4315 1523 4387 omnino
1538 4317 1653 4388 dulcis
1666 4329 2018 4409 consuetudomariti
2031 4357 2064 4416 et
2087 4371 2175 4416 uxo-

1189 4415 1257 4502 ris,
1282 4415 1320 4484 in
1339 4415 1469 4508 quibus
1484 4429 1518 4486 et
1532 4419 1645 4490 virtus
1662 4435 1723 4509 est,
1749 4439 1784 4495 et
1802 4445 1946 4506 mutuus
1961 4463 2071 4519 amor.
2103 4443 2176 4520 Sed

1191 4539 1272 4589 cum
1288 4529 1383 4587 certo
1401 4539 1441 4586 ac
1464 4517 1558 4590 iusto
1572 4517 1642 4593 llei
1666 4527 1817 4600 consilio
1840 4525 1925 4606 haec
1944 4539 2016 4610 vita
2037 4551 2175 4640 magnis

1140 4659 1142 4664 =
1190 4617 1372 4690 aemmnis
1395 4634 1540 4690 onerata
1562 4623 1627 4709 sit,
1662 4617 1835 4704 tenendae
1857 4653 1941 4710 sunt
1961 4647 2176 4724 consolatio-

1191 4741 1265 4807 nes,
1291 4741 1382 4813 quae
1394 4719 1432 4789 in
1449 4723 1578 4794 animis
1595 4737 1629 4798 et
1646 4725 1825 4819 virtutem,
1843 4749 1879 4805 ct
1897 4753 2060 4817 mutuum
2076 4775 2176 4825 amo·

1192 4845 1268 4893 rem
1281 4821 1502 4898 confirment.

1296 4936 1512 5035 Quanquam
1529 4943 1638 5034 igitur
1652 4947 1772 5021 minus
1790 4949 1953 5046 impediti
1974 4980 2059 5040 sunt
2082 4995 2178 5058 curs,

1195 5041 1398 5124 laboribus,
1421 5043 1606 5135 periculis,
1630 5049 1692 5141 qui
1707 5049 2098 5144 sineiamiliisvivunt:
2126 5091 2178 5149 ta-

1195 5167 1279 5216 men
1294 5144 1334 5213 in
1349 5145 1517 5217 omnibus
1529 5142 1615 5218 haec
1628 5174 1710 5220 vera
1725 5158 1921 5232 consolatio
1936 5162 2095 5242 animum
2110 5179 2181 5246 eri-

1199 5245 1269 5336 git,
1294 5245 1391 5340 quod
1411 5259 1451 5318 ut
1466 5243 1542 5318 Deo
1563 5249 1829 5345 obtemperetis,
1853 5255 1950 5335 hunc
1970 5267 2063 5341 vitae
2082 5277 2182 5348 ordi-

1201 5371 1283 5420 nem
1302 5348 1505 5420 admirabili
1524 5349 1635 5442 ipsius
1646 5353 1819 5448 sapientia
1841 5365 2033 5457 sancitum,
2058 5389 2093 5447 et
2113 5377 2185 5452 ini.
