4902 5978
77 125 80 134 ’
199 115 347 246 ἐις
418 131 1840 240 nnsaounnun,rouretonuunrscnrrronuu
1888 129 2124 216 nrnxrv.
2236 140 2286 244 eo

250 319 392 392 Deinde
422 321 524 390 valde
555 335 588 390 te
620 342 705 402 oro,
736 333 777 390 ut
801 342 881 388 curn
904 312 1001 384 Deus
1024 310 1163 382 dederit
1182 308 1246 380 tibi

200 415 206 432 ’
254 423 358 494 valde
387 413 601 512 ‘praeclaram
634 419 814 503 indolem,
856 433 890 488 et
919 416 1104 504 ingenium
1127 425 1246 503 aptum

253 521 415 596 honestis
429 525 553 594 rebus:
586 545 707 604 cures,
732 536 772 590 ut
790 524 918 590 bonam
935 532 1100 586 naturam
1116 512 1250 590 doctri-

254 651 302 734 qp
324 625 500 716 expolias,
525 649 591 694 nec
612 624 729 692 studia
753 615 935 692 literarum
960 617 1158 687 abiicienda
1177 637 1250 682 esse

256 737 371 820 putes.
442 727 500 796 Ad
530 729 670 796 landem
696 737 732 792 et
752 723 858 796 decus
883 724 977 792 viam
1000 719 1067 790 tibi
1089 715 1249 788 doctrina

257 833 394 900 factura
411 844 474 900 est.
527 826 626 896 Bene
643 825 733 899 vale.

259 1219 328 1292 No.
347 1216 457 1294 7027.

268 1314 441 1347 Μ

1085 1305 1256 1334 Μ

669 1417 850 1544 Eidem.

332 1595 420 1690 usn.
440 1612 466 1666 p.
479 1593 539 1647 sto.
578 1593 679 1664 apogr.
694 1593 722 1646 n
737 1592 799 1648 aaa.
813 1591 907 1647 nean.
923 1591 971 1648 nr.
990 1609 1018 1664 p.
1033 1569 1113 1646 ιιι·

264 1751 404 1830 Nobili
418 1748 659 1833 adolescente
682 1761 714 1821 et
730 1775 808 1820 eum
827 1743 951 1820 indole
966 1741 1259 1840 honorificentis-

264 1861 362 1932 sima
372 1856 408 1952 ¹⁸¹)
419 1849 601 1954 praedita,
622 1862 698 1922 tam
716 1852 755 1920 in
772 1851 920 1950 optimis
936 1849 1072 1924 stadiis
1088 1846 1259 1928 versanti,

369 1971 371 1976 '
478 1951 581 2031 LR.
603 1952 766 2052 (Ioanni
783 1947 1039 2048 Riedesel.)

268 2096 317 2184 Sa
342 2107 387 2180 D.
423 2106 635 2198 Qnoameie
651 2105 762 2176 literis
777 2117 848 2175 tam
864 2116 1023 2174 amanter
1036 2101 1262 2195 respondisti,

270 2211 568 2282 iucundissimum
600 2203 692 2276 mihi
719 2221 780 2278 est·
839 2205 1003 2276 Delector
1025 2204 1120 2273 enirn
1142 2226 1262 2272 amore

271 2328 352 2397 tuo,
379 2327 412 2382 et
433 2311 516 2405 quia
541 2309 699 2378 indolem
718 2322 754 2378 et
770 2307 951 2398 ingenium
969 2320 1071 2376 tuum
1087 2305 1131 2374 ad
1148 2305 1261 2374 virtu-

270 2431 343 2486 tem
368 2426 493 2482 natura
518 2413 707 2480 excitatum
728 2413 858 2501 probo,
891 2423 926 2478 et
952 2409 1035 2502 qnia
1059 2419 1094 2476 te
1116 2419 1263 2497 propter

273 2515 488 2607 singularem
521 2512 806 2582 benevolentiam
834 2509 902 2580 viri
931 2509 1056 2600 optimi
1079 2507 1188 2600 patris
1209 2506 1261 2578 tui

274 2641 356 2706 erga
377 2637 436 2684 me
458 2615 643 2706 complecti
659 2615 782 2684 debeo.
835 2609 957 2704 ltaque
972 2609 1073 2680 valde
1094 2622 1198 2700 opto,
1223 2621 1263 2680 ut

275 2715 382 2790 huius
421 2741 518 2786 meae
561 2717 753 2788 voluntatis
785 2713 1075 2804 significationem
1107 2711 1261 2810 aliquam

275 2821 460 2890 ostendere
480 2819 546 2887 tibi
561 2819 704 2910 possim.
756 2815 796 2888 si
813 2841 878 2885 nos
893 2816 998 2884 etiarn
1014 2816 1157 2884 fortuna
1177 2835 1263 2882 con-

275 2922 447 3006 iunxerit,
471 2919 618 2990 efficiam
644 2943 782 2990 summo
805 2916 938 3002 studio,
971 2929 1011 2986 ut
1032 2915 1209 3006 intelligas
1230 2927 1264 2982 et

276 3039 312 3096 te
333 3020 425 3092 mihi
449 3017 693 3090 charissimum
717 3045 808 3105 esse,
834 3033 867 3089 et
889 3041 944 3088 me
960 3041 1025 3110 pro
1042 3017 1138 3086 virili
1156 3039 1264 3086 cona-

198 3161 207 3180 .
278 3141 397 3196 turum
423 3121 448 3202 l
467 3121 532 3194 ut”
553 3123 662 3190 animi
688 3121 938 3211 gratitudinem
956 3119 1131 3214 patrituo
1149 3121 1264 3186 derne

278 3224 456 3318 praeclare
469 3223 596 3293 merito
612 3221 793 3293 declarare
807 3225 832 3301 †
845 3217 1003 3314 possirn”.
1055 3215 1218 3290 Christus
1232 3234 1264 3288 te

280 3338 405 3408 servet,
430 3339 465 3396 et
480 3326 594 3394 studia
611 3337 670 3395 tua
688 3325 879 3414 gubernet,
904 3325 946 3391 ad
964 3335 1061 3392 tuam
1080 3335 1114 3392 et
1128 3319 1265 3412 Reipu-

279 3429 394 3498 blicae
416 3427 577 3498 salutem.
630 3426 721 3496 Meis
742 3425 859 3520 verbis
883 3417 1163 3493 honestissimam
1189 3445 1266 3490 ma-

279 3545 421 3601 tronam
438 3543 585 3600 matrem
599 3542 697 3599 tuam
712 3539 913 3598 reverenter
930 3525 1092 3596 salutato.
1142 3521 1240 3598 Vale.

280 3933 347 4006 No.
363 3933 477 4008 7028.

286 4028 458 4060 Μ

1139 4021 1262 4051 M

488 4130 804 4216 Rostoeleiaais
819 4127 1062 4216 Iuriscons.
1175 4168 1180 4178 ¹

350 4289 566 4429 M'a'qlgqgarrag.
587 4307 614 4360 p.
628 4287 717 4344 ssob.
752 4291 858 4360 Apogr.
875 4287 980 4353 in,t·.od.
991 4287 1073 4343 Μοιι.
1087 4287 1131 4347 89.
1150 4287 1203 4344 No.
1219 4289 1269 4344 Vl.

279 4511 344 4586 Aa
372 4511 555 4616 quendam
578 4510 909 4599 Iurisconsultum,
944 4509 1164 4586 Academiae
1187 4509 1270 4588 Ra·

534 4611 749 4688 slachiaaae
761 4617 1017 4716 professorem.

1297 307 1466 376 dicimus:
1500 297 1593 376 Non
1603 299 1629 395 1)
1646 303 1808 374 adfirmat
1822 305 1858 374 in
1876 327 2022 394 genere,
2048 303 2166 374 valere
2179 328 2289 396 spon·

1298 409 1385 480 salia
1402 417 1580 488 contracta
1597 407 1890 476 dissentientibus
1909 407 2128 496 parentibus.
2180 405 2233 476 De
2249 431 2289 478 ea

1299 534 1336 580 re
1353 511 1392 578 in
1407 505 1575 578 Ecclesiis
1589 521 1622 576 et
1636 507 1853 578 consistoriis
1869 504 1995 576 irarum
2016 507 2200 596 regionum
2222 509 2289 578 ali-

1300 612 1385 706 quid
1411 609 1680 700 pronunciatur.
1718 607 1758 680 si
1779 605 1952 705 Doctor²)
1976 610 2134 680 defendit
2152 623 2293 680 nostra·
2353 649 2356 656 ·

1300 737 1379 782 rum
1408 707 1647 782 Ecclesiarum
1676 711 1885 780 sententiam
1916 725 1950 780 et
1985 711 2291 798 consuetudinem,

1301 837 1375 882 non
1392 835 1578 904 possumus
1591 835 1671 882 eum
1689 811 1904 903 improbare,
1929 815 2024 905 quod
2042 813 2084 882 ad
2103 807 2195 883 banc
2209 838 2291 905 par-

1182 948 1191 962 ·
1301 929 1372 986 tem
1398 915 1534 996 attinet,
1591 907 1645 984 Ac
1672 914 1801 983 seimus
1823 914 2002 984 interdum
2028 914 2189 985 addictos
2218 915 2290 986 iuri

1302 1013 1509 1099 Pontificio,
1534 1013 1687 1084 libenter
1708 1016 1875 1104 sugillare
1890 1029 1925 1084 et
1942 1016 2082 1086 irritare
2100 1017 2291 1086 conciona-

1302 1133 1396 1190 tores
1417 1117 1455 1185 in
1478 1111 1544 1187 hac
1564 1117 1732 1202 materia,
1759 1141 1832 1187 non
1850 1135 1921 1190 tarn
1936 1131 1977 1190 ut
1993 1118 2182 1190 videantur
2196 1143 2293 1189 acres

1303 1231 1581 1312 propugnatores
1604 1217 1693 1288 iuris
1707 1219 1904 1310 pontificii,
1930 1245 2036 1313 quam
2063 1221 2293 1311 utexagitent

1304 1323 1400 1391 istos.
1452 1317 1556 1390 Talia
1578 1343 1624 1389 ne
1647 1321 1685 1388 in
1704 1315 1772 1390 hoc
1788 1321 1979 1392 certamine
1995 1322 2100 1406 liant,
2125 1323 2294 1392 illustris-

1305 1421 1387 1492 simi
1399 1419 1576 1512 Principis
1597 1422 1785 1494 autoritate
1804 1417 2047 1514 prohibeatur.
2096 1417 2175 1494 Etsi
2191 1449 2293 1495 occa·

1306 1525 1441 1595 sionem
1456 1523 1613 1592 dissidiis
1627 1523 1772 1615 praebet
1787 1521 1873 1594 haec
1887 1523 2044 1618 quaestio
2060 1525 2104 1593 de
2118 1549 2292 1596 consensu

1307 1639 1510 1720 parentum:
1547 1639 1667 1695 tamen
1700 1626 1880 1717 prodesset
1905 1627 2180 1716 gabernatornm
2208 1653 2294 1698 con-

1307 1729 1387 1798 silio
1415 1741 1450 1798 et
1476 1727 1665 1800 autoritate
1693 1742 1788 1798 certo
1815 1727 2004 1814 constitui,
2038 1741 2078 1798 ut
2099 1726 2199 1798 irrita
2223 1731 2296 1802 sint

1308 1831 1481 1922 sponsalia
1509 1853 1631 1898 eorum
1665 1829 1727 1922 qui
1753 1823 1869 1898 adhuc
1896 1844 2082 1922 parentum
2109 1832 2297 1904 autoritate

1262 1969 1266 1974 ·
1308 1944 1498 2021 reguntur,
1522 1931 1612 1999 lacta
1628 1929 1703 1998 sine
1717 1953 1891 2000 consensu
1908 1946 2111 2022 parentum:
2134 1945 2175 2003 ut
2187 1935 2225 2002 in
2240 1930 2297 2006 his

1309 2033 1514 2122 regionibus
1531 2053 1653 2104 omnes
1666 2027 1843 2114 Ecclesiae
1859 2045 1892 2102 et
1908 2032 2116 2104 consistoria
2133 2056 2306 2124 pronun--

1310 2135 1415 2208 ciant.
1440 2131 1544 2203 Hanc
1557 2133 1766 2202 sententiam
1780 2135 1810 2204 si
1825 2135 1947 2204 ambae
1959 2133 2153 2220 facultates,
2176 2131 2297 2208 Theo-

1310 2237 1382 2326 logi
1408 2249 1441 2305 et
1460 2233 1725 2320 Iurisconsulti,
1751 2237 2062 2328 amplecterentur:
2089 2259 2164 2306 non
2180 2239 2297 2310 solum

1311 2339 1405 2407 inter
1418 2339 1512 2429 ipsos
1530 2331 1595 2405 hac
1610 2338 1654 2405 de
1671 2361 1708 2405 re
1725 2352 1901 2407 certamen
1916 2337 2093 2408 sublatum
2111 2353 2211 2426 esset,
2236 2345 2298 2413 sed

1312 2442 1414 2510 etiam
1438 2441 1476 2508 in
1498 2439 1576 2507 loro
1599 2437 1717 2507 minus
1737 2439 1856 2510 litium
1879 2454 1968 2509 esset
1990 2441 2035 2508 de
2060 2442 2297 2532 sponsalibus.

1311 2539 1381 2614 Sed
1414 2541 1444 2608 si
1474 2533 1701 2630 reprehendit
1726 2535 1904 2636 Doctor²)
1948 2540 2132 2632 politicum
2159 2567 2296 2615 morem
2344 2613 2353 2626 ,

1312 2641 1595 2732 legitimationis,
1629 2647 1703 2710 don
1729 2656 1823 2713 recte
1844 2642 1962 2714 sentit.
2014 2639 2103 2712 Nam
2130 2639 2215 2715 haec
2238 2671 2300 2718 ex-

1313 2744 1474 2836 aequatio
1490 2739 1683 2813 haeredum
1699 2745 1865 2834 permissa
1877 2757 1929 2814 est
1944 2745 2187 2836 potestatibus,
2210 2773 2303 2842 quae

1313 2842 1405 2915 hanc
1431 2845 1653 2916 clementiam
1679 2844 1840 2914 iudicant
1870 2848 2061 2916 convenire
2094 2862 2238 2938 paterno
2264 2867 2301 2924 et

1313 2962 1472 3018 materno
1506 2947 1666 3032 affectui,
1703 2959 1738 3016 et
1772 2947 1899 3016 invitat
1931 2948 2018 3018 tales
2045 2950 2088 3018 ad
2116 2950 2301 3023 vinculum

1313 3051 1480 3139 coniugii,
1503 3062 1538 3118 et
1551 3047 1675 3117 fratres
1689 3047 1783 3118 inter
1796 3072 1833 3118 se
1848 3049 2043 3140 coniungit.
2069 3047 2165 3120 Haec
2180 3057 2303 3126 omnia

1314 3165 1396 3222 sunt
1411 3150 1576 3243 politica,
1602 3173 1666 3220 nec
1682 3164 1766 3220 suut
1779 3151 1887 3240 digna
1903 3147 2188 3244 reprehensione.

1328 3373 1404 3384 oon-o-
1415 3371 1491 3384 ιω

1316 3517 1383 3593 Νο.
1400 3517 1512 3588 7029.

1323 3615 1534 3654 Μ

2127 3551 2189 3594 non
2206 3527 2292 3614 Sept.

2126 3616 2297 3651 m

1639 3703 1797 3818 stepo.
1827 3703 1981 3800 Ratio.

1417 3843 1504 3934 aa...
1524 3861 1570 3918 ns.
1585 3861 1635 3920 vr.
1653 3881 1681 3936 ρ.
1694 3865 1746 3919 eas
1758 3884 1802 3936 eq.

1320 4008 1425 4093 Clar.
1446 4013 1561 4102 Viro,
1588 4015 1876 4114 Sebastiano
1900 4017 2011 4112 Rae,
2036 4021 2306 4128 Doctoriartg‘s

1602 4117 1796 4208 Medicas,
1821 4121 2024 4228 ἇρχιάτρῳ.

1320 4254 1370 4341 S.
1396 4267 1442 4344 D.
1492 4268 1695 4343 Clarissime
1711 4271 1789 4350 Vir.
1829 4273 1989 4370 Rogatus
2011 4301 2108 4361 sum,
2131 4295 2171 4351 nt
2189 4285 2234 4352 de
2249 4305 2309 4352 ae-

1319 4373 1412 4462 groti
1441 4373 1672 4447 adolescentis
1707 4377 1925 4469 inspectione
1957 4383 2000 4451 ad
2035 4395 2068 4453 te
2103 4385 2305 4456 scriberem.

1321 4473 1427 4562 Quod
1453 4475 1518 4546 etsi
1538 4476 1636 4547 triste
1658 4481 1896 4570 spectaculum
1917 4495 1985 4568 est,
2011 4497 2226 4555 tamencum
2241 4509 2308 4562 nos

1320 4599 1441 4644 omnes
1463 4579 1594 4671 quibus
1614 4593 1704 4650 artes
1726 4586 1898 4672 regendae
1912 4586 1969 4654 vel
1987 4587 2236 4658 custodiendae
2253 4587 2310 4658 vi-

1320 4691 1392 4762 tae,
1419 4683 1683 4752 commendatae
1699 4699 1801 4766 sunt,
1829 4687 1999 4778 professio
2016 4689 2089 4778 ipsa
2105 4681 2233 4760 multas
2250 4691 2310 4760 in-

279 4751 330 4842 S·
356 4765 403 4838 D.
453 4767 545 4840 Cum
566 4795 640 4840 non
663 4770 903 4840 audiverimus
924 4782 1101 4861 utrunque
1122 4782 1269 4859 partem,
1318 4793 1438 4868 gentes
1453 4781 1610 4852 miserias
1629 4779 1815 4857 hominum
1829 4789 2061 4880 contemplari
2086 4805 2201 4881 cogat,
2234 4793 2307 4864 exi-

279 4893 355 4939 non
372 4871 520 4941 facimus
535 4897 601 4942 nos
617 4873 751 4942 iudices
765 4873 859 4942 inter
872 4874 1051 4940 doctorem
1067 4867 1267 4944 Hearicum
1317 4881 1457 4951 stimavi
1480 4897 1513 4953 te
1538 4879 1630 4955 hanc
1653 4887 1852 4961 molestiam
1876 4891 2118 4961 misericordia
2142 4897 2310 4986 quadam,

281 4983 315 5040 et
345 4968 636 5044 Iurisconsultos:
674 4977 735 5044 sed
767 4987 937 5066 utrosque
965 4967 1197 5044 adhortamur
1221 4980 1265 5046 ad
1317 4985 1548 5058 conveniente
1565 4987 1642 5058 viro
1657 5013 1806 5084 magno,
1832 5006 2076 5083 suscepturum
2100 5017 2185 5070 esse.
2237 4994 2311 5070 οὐκ

218 5081 220 5088 “
278 5071 374 5164 piam
399 5075 637 5147 concordiam.
694 5075 766 5148 Sed
791 5077 836 5146 de
864 5074 1169 5169 propositionibus
1198 5072 1265 5149 hoc

279 5227 502 5248 w*—

305 5301 339 5374 *)
357 5301 388 5359 G.
400 5303 442 5360 M.
456 5301 666 5360 honestissime.

1325 5141 1530 5156 -h-——t--o-

1351 5219 1378 5282 1)
1399 5219 1477 5284 Noa]
1495 5217 1558 5272 cod.
1575 5217 1657 5278 Mon.
1671 5222 1716 5286 89,
1735 5225 1829 5288 Nam.

1348 5305 1379 5374 2)
1398 5305 1470 5360 eod.
1483 5305 1561 5364 Mon.
1573 5305 1618 5361 89.
1632 5309 1727 5380 addite
1754 5311 1897 5380 Hearr'sas.
