4888 5962
309 169 380 246 761
443 209 446 216 ·
883 157 1307 254 QUAESTIONES
1359 145 1763 236 ACADEMICAE.
2263 164 2337 241 752

417 341 548 414 Graeci
565 339 732 410 ,Lunares
755 349 895 408 tantum
927 359 1041 408 annos
1070 335 1301 427 usurparunt,
1353 334 1495 428 sinque,
1520 335 1619 406 utde
1636 337 1832 408 interlunio
1848 337 2009 430 sequenti
2024 337 2194 420 constitui
2209 355 2339 432 posset,

315 472 404 546 qnos
420 443 597 525 solaribus
614 445 875 534 adaequarunt,
901 439 988 508 alias
1005 440 1074 510 alia
1092 439 1231 510 ratione
1245 438 1303 506 in·
1354 450 1388 508 et
1403 439 1605 530 pertinebat
1622 464 1661 509 ea
1678 463 1762 510 cura
1783 441 1827 508 ad
1843 438 2063 510 Sacerdotes.
2112 438 2251 512 Habuit
2280 467 2340 514 an-

313 552 438 636 sertis,·
469 544 757 618 annumeratisve
791 543 836 611 iis
870 542 1021 628 diebus,
1049 542 1112 634 qui
1143 543 1303 625 deerant,
1353 554 1424 612 tem
1441 533 1510 612 boc
1526 541 1705 613 commodi
1727 564 1844 614 annus
1862 538 2047 627 Iudaicus,
2073 545 2171 635 quod
2194 545 2341 615 luminis

314 680 386 750 quo
407 647 710 744 aequinoctiorum
736 658 884 736 puncta,
916 668 1007 736 quae
1029 644 1091 714 illo
1116 643 1256 714 dierum
1283 666 1303 710 a
1353 643 1540 736 utriusque
1560 659 1678 716 motus
1703 645 1906 734 complexus
1926 656 1978 714 est
1994 645 2213 734 periodicas,
2240 661 2341 718 etex

314 753 473 852 periodis
489 749 666 820 solaribus
688 749 827 817 delectu
851 748 992 826 sedibus
1009 745 1118 816 eiecta
1132 746 1205 815 suis
1221 746 1303 814 lon-

315 861 394 953 gius
410 852 595 926 annuatim
612 875 631 920 a
651 849 827 942 principio
850 849 1146 933 dimovebantur,
1172 847 1228 943 (ea
1246 848 1304 915 in-

316 959 441 1057 quam)
459 980 530 1049 quo
547 966 702 1022 retractu
716 953 944 1022 restituerent
959 951 1033 1020 suis
1051 951 1137 1021 locis
1146 1002 1158 1035 ,
1178 948 1304 1020 alaeu-

316 1076 424 1134 strato
444 1057 607 1128 Tenedio
632 1047 871 1149 ὀκτοετῄριὸα
894 1048 1095 1138 habebant,
1120 1053 1222 1122 cuius
1245 1053 1303 1120 in-

316 1164 432 1237 stituti
457 1177 495 1230 ea
521 1159 589 1228 fnit
610 1157 720 1241 ratio,
747 1171 787 1228 ut
808 1158 950 1226 eumad
976 1179 1090 1226 annos
1105 1169 1206 1239 octo,
1232 1168 1312 1224 tres

315 1288 454 1338 menses
476 1261 771 1350 adiungerentur,
798 1271 937 1350 praeter
958 1271 1038 1330 eum
1055 1259 1169 1344 diem,
1196 1281 1304 1350 quem

285 1399 287 1406 ’
317 1369 431 1441 cuivis
448 1361 659 1457 Olympiadi
676 1361 828 1432 adiicere
847 1356 1123 1444 consueverant,
1146 1361 1305 1428 redirent

316 1469 575 1566 propemodum
591 1467 634 1534 ad
652 1466 792 1533 easdem
808 1464 907 1532 sedes
921 1463 1163 1556 aequinoctia.
1197 1460 1304 1532 Men-

317 1599 372 1645 ses
394 1562 591 1664 ἐμβόλιμοι
608 1568 839 1640 vocabantur.
891 1561 1083 1636 Annorum
1106 1589 1190 1634 vero
1214 1578 1306 1664 octo,

217 1719 220 1724 ·
319 1677 381 1772 qui
398 1675 485 1744 duas
501 1669 765 1740 constituebant
778 1664 1030 1762 Olympiades,
1044 1667 1180 1760 priores
1198 1667 1306 1760 qnin-

259 1769 261 1774 ’
320 1803 408 1872 que,
425 1771 615 1845 duodecim
632 1793 788 1855 menses,
813 1767 1065 1855 sen354dies,
1088 1769 1218 1862 reliqui
1234 1783 1306 1840 tres

318 1877 488 1952 tredecim
503 1893 565 1944 seu
583 1874 658 1946 384
675 1869 855 1943 habebant
871 1872 958 1945 dies.

419 1976 506 2048 Post
530 1987 670 2046 secutus
688 1973 833 2058 Meton,
860 1997 939 2044 cum
964 1972 1160 2043 accuratius
1183 1971 1306 2062 explo-

318 2082 405 2156 ratis
430 2094 464 2150 et
487 2078 625 2150 collatis
645 2077 818 2160 motibus,
843 2100 999 2150 errorem
1027 2075 1065 2147 in
1092 2074 1305 2145 octoeteride

319 2179 646 2258 animadvertisset,
685 2191 719 2246 et
754 2177 801 2248 19
827 2178 931 2248 annis
963 2178 1139 2248 solaribus
1168 2198 1306 2246 menses

321 2284 522 2382 Synodicos
546 2277 620 2351 235
645 2281 814 2370 compleri
839 2281 1069 2372 percepisset,
1084 2278 1307 2352 ,octoeteride

320 2389 475 2468 abolita,
519 2375 852 2476 ivseudsaurq'prdu
887 2382 1074 2474 proposuit
1115 2381 1220 2461 circa,
1243 2378 1304 2450 87.

322 2487 596 2586 Olympiadem,
624 2509 694 2577 qua
722 2488 775 2566 ad,
786 2485 1035 2554 novemdecim
1056 2505 1169 2554 annos
1184 2481 1308 2552 Luna-

320 2618 375 2664 res
396 2604 527 2682 septem
550 2587 732 2658 mensihus
754 2586 1045 2672 accommodatis,
1071 2609 1225 2679 quornm
1249 2607 1308 2652 ser

319 2696 466 2786 triginta
490 2704 692 2761 constarent
715 2690 861 2770 diebus,
888 2690 1059 2781 septimus
1086 2711 1159 2757 uno
1176 2687 1308 2770 minus,

319 2809 562 2891 praeteream
587 2793 701 2876 diem,
727 2794 790 2884 qui
813 2793 857 2862 ad
879 2813 1095 2884 quamquam
1117 2785 1308 2883 Olympia-

320 2904 401 2971 dem
417 2923 458 2970 ex
476 2895 639 2968 instituto
656 2895 767 2963 veteri
783 2895 988 2979 accedebat,
1006 2895 1094 2962 adeo
1113 2915 1224 2983 prope
1242 2886 1308 2999 hps

320 3005 416 3094 ipsos
439 2998 615 3069 solaribus
638 2993 863 3088 exaequavit,
899 3010 941 3068 nt
973 3019 1048 3064 non
1082 2994 1195 3064 multo
1228 2994 1309 3084 plus

320 3103 414 3174 hora
425 3125 499 3176 una
514 3113 548 3170 et
565 3099 694 3168 triente
711 3099 912 3174 deficerent.
943 3093 1088 3168 Etenim
1106 3091 1183 3166 235
1201 3093 1309 3167 Men·

321 3229 392 3290 ses,
418 3204 493 3272 dies
508 3201 694 3270 continent
711 3198 823 3285 6959,
847 3195 954 3268 horas
979 3200 1037 3268 18.
1087 3197 1173 3269 Post
1188 3197 1309 3268 Mero-

208 3303 235 3325 ”’
320 3332 403 3380 nem
425 3301 597 3394 Calippus
618 3313 772 3394 quatuor
786 3294 1137 3396 ἐννεαὸεκατήριὸας
1154 3300 1310 3391 comple-

320 3432 406 3492 xus,
436 3429 513 3476 eam
535 3402 723 3496 periodum
745 3425 764 3471 a
784 3425 823 3474 se
844 3401 1063 3493 Calippicam
1097 3402 1309 3483 nominavit,

321 3534 428 3606 quam
445 3533 464 3578 a
479 3519 576 3577 sexto
593 3519 675 3576 ante
687 3503 884 3574 Alexandri
900 3505 1039 3576 obitum
1052 3529 1146 3576 auno
1159 3498 1309 3576 inchoa-

321 3611 511 3705 vit,.quod
527 3633 568 3677 eo
582 3607 805 3706 Babylonem
822 3605 1023 3680 Alexander
1043 3607 1223 3699 coepisset.

424 3709 600 3784 Romanis
620 3723 701 3780 ante
722 3708 856 3780 Iulium
879 3707 1042 3780 Lunares
1063 3709 1166 3794 anni,
1194 3705 1310 3779 Grae-

319 3839 444 3887 corum
464 3838 582 3898 more,-
606 3813 645 3881 in
663 3835 730 3882 usu
747 3813 904 3884 fuerunt.
958 3809 1074 3882 lulius
1083 3805 1259 3906 Aegyptio
1276 3824 1310 3880 et

319 3919 456 3992 Graeco
487 3916 644 3996 collatis,
677 3939 719 3984 ex
743 3927 897 4010 utroque
926 3913 1145 4000 examinato,
1180 3927 1213 3984 et
1246 3915 1309 3982 ad—

320 4020 469 4110 sumptis
494 4043 534 4088 er
549 4031 722 4110 utroque,
748 4040 839 4109 qnae
856 4039 920 4086 suo
936 4016 1129 4095 convenire
1145 4016 1308 4088 instituto

287 4161 291 4175 ·
321 4115 519 4204 visetum,
551 4143 685 4190 annum
711 4117 880 4188 conflavit
905 4115 1085 4188 Iulianum
1123 4141 1310 4214 nuncupa·

320 4237 417 4307 turn,
444 4245 548 4315 quem
574 4217 652 4292 565
670 4220 814 4304 diebus,
841 4234 875 4290 et
897 4221 1095 4314 quadrante
1120 4215 1308 4316 delinitum

319 4327 364 4396 ad
384 4317 480 4397 Solis
496 4347 639 4394 cursum
657 4323 794 4394 direxit.
848 4317 901 4400 Eo
922 4317 1039 4394 adhuc
1067 4316 1175 4394 hodie
1196 4323 1310 4395 utitur

319 4424 547 4500 Christianus
565 4427 663 4496 orbis
677 4438 787 4502 totus.
873 4489 874 4492 ,

422 4527 491 4598 His
507 4531 552 4600 de
573 4529 982 4598 differentiisannornm
1001 4527 1221 4620 praemissis,
1247 4549 1309 4595 ve-

320 4733 449 4802 seteris
463 4747 497 4804 et
513 4731 645 4806 luliani
660 4733 834 4805 rationem
850 4733 954 4802 valde
974 4733 1100 4822 probo.
1153 4729 1226 4802 Nec
1240 4731 1309 4802 fuit

1353 746 1540 838 utriusque
1567 747 1858 817 conversionibus
1889 748 2038 819 deducta
2066 771 2186 819 annua
2214 752 2342 842 spacia,

1354 848 1549 926 solaribus,
1582 873 1672 942 quae
1695 873 1736 920 ex
1761 850 1880 919 reditu
1896 847 1992 919 Solis
2015 851 2058 920 ad
2075 851 2342 944 aequinoctium

1354 951 1653 1036 aestimabantur,
1686 964 1727 1022 ut
1748 951 1839 1036 dixi,
1871 950 1998 1022 seriem
2026 963 2253 1046 temporum,
2287 957 2342 1026 lu-

1354 1054 1520 1137 naribus,
1545 1077 1703 1138 menses,
1729 1076 1923 1147 operasque
1937 1076 2072 1138 sacras,
2088 1069 2123 1126 et
2137 1058 2342 1128 oeconomi·
2424 1129 2425 1146 ,

1356 1180 1411 1226 cas
1433 1156 1719 1241 distribuebant,
1753 1179 1841 1250 quas
1870 1178 1997 1244 magna
2018 1157 2192 1247 sapientia
2216 1161 2256 1228 in
2282 1161 2340 1230 illo

1355 1259 1487 1349 populo
1506 1256 1603 1328 Deus
1621 1259 1811 1349 digesserat
1824 1258 1862 1326 in
1876 1271 1969 1328 certa
1985 1273 2156 1352 tempora.

1458 1391 1590 1463 Iuliani
1605 1395 1692 1463 anni
1706 1395 1817 1481 ratio,
1842 1397 1938 1490 quod
1954 1395 2086 1480 facilis,
2112 1399 2285 1490 expedita,
2310 1413 2342 1469 et

1356 1509 1435 1588 apte
1452 1495 1642 1566 constituta
1659 1521 1699 1567 ac
1715 1498 1904 1568 distributa
1916 1511 1989 1586 est,
2003 1498 2251 1590 imperitorum
2268 1527 2341 1570 me-

1357 1601 1461 1670 detur
1478 1598 1664 1685 insciciae,
1686 1613 1721 1671 et
1735 1624 1856 1670 curam
1871 1599 2108 1692 inspiciendi,
2132 1603 2341 1697 perquiren-
2424 1601 2425 1634 l

1357 1702 1466 1794 dique
1480 1702 1645 1795 syderum
1661 1724 1802 1784 cursus,
1829 1717 1934 1796 atque
1949 1705 2177 1774 attentionem
2200 1706 2240 1774 in
2261 1708 2340 1775 ani-

1358 1805 1427 1873 mis
1458 1803 1576 1873 reddit
1609 1805 1808 1894 segniorem
1842 1827 1880 1874 ac
1915 1805 2148 1895 frigidiorem.
2207 1806 2341 1881 Verum

1358 1931 1440 1976 cum
1453 1906 1626 1976 naturalis
1644 1908 1730 1976 anni
1749 1907 2051 1996 magnitudinem,
2079 1933 2187 2003 quam
2207 1907 2343 1981 lsraeli-
2424 1953 2425 2006 1

1358 2025 1413 2080 tae
1447 2008 1598 2078 sollicite
1629 2011 1879 2080 scrutabantur
1909 2023 1945 2080 et
1968 2013 2163 2096 notabant,
2194 2031 2343 2106 superet,
2424 2041 2425 2074 ι

1357 2113 1489 2181 factum
1524 2123 1595 2194 est,
1631 2125 1672 2180 ut
1706 2112 2012 2206 aequinoctiorum
2046 2128 2081 2184 et
2105 2115 2343 2186 solsticiomm

1357 2229 1517 2304 tempora
1531 2227 1704 2285 retroacta
1720 2215 1829 2304 longo
1850 2213 2039 2286 intervallo
2056 2217 2229 2309 pristinas
2252 2221 2344 2288 sedes

1358 2315 1629 2408 praecurrerint,
1644 2341 1734 2410 quae
1752 2331 1792 2389 ut
1801 2327 2052 2388 revocarentur
2065 2343 2104 2390 ac
2118 2321 2345 2392 restitueren-

1358 2432 1436 2502 tur,
1459 2418 1545 2486 anni
1568 2419 1706 2488 ratione
1727 2421 1933 2506 emendata,
1958 2417 2169 2492 Monarchis
2187 2425 2344 2516 exemplo

1359 2519 1443 2588 lolii
1466 2515 1625 2590 Caesaris
1648 2543 1733 2591 cura
1755 2545 1829 2591 esse
1847 2523 2008 2597 debebat.
2061 2519 2126 2596 Est
2147 2549 2236 2596 vero
2263 2527 2344 2595 anni

1360 2619 1491 2692 Iuliani
1512 2623 1602 2709 ratio
1618 2622 1656 2691 in
1674 2619 1739 2694 hac
1755 2637 1956 2716 temporum
1978 2627 2162 2713 barbarie,
2189 2623 2259 2698 hac
2273 2655 2345 2699 mo-

1358 2748 1439 2794 rum
1455 2725 1644 2814 pravitate,
1669 2739 1705 2796 et
1721 2721 1910 2796 hominum
1930 2729 2078 2819 segnitie
2098 2741 2206 2823 atque
2230 2755 2345 2802 socor-

1359 2827 1418 2896 dia
1438 2849 1478 2896 eo
1495 2827 1615 2918 potior
1631 2843 1664 2899 et
1677 2829 1915 2914 commodior,
1940 2833 2038 2924 quod
2054 2831 2140 2900 anni
2154 2847 2270 2906 metas
2292 2849 2345 2905 ut·
2424 2839 2425 2918 l

1361 2951 1521 3022 cunque,
1546 2953 1612 2999 nec
1624 2954 1736 3024 usque
1752 2933 1840 3000 adeo
1855 2932 2009 3004 multum
2028 2933 2210 3004 differenti
2227 2938 2272 3007 ab
2285 2938 2345 3006 ob·

1360 3032 1620 3102 servationibus
1644 3033 1869 3119 discrimine,
1896 3035 2173 3121 circumscribit,
2203 3063 2294 3132 quae
2318 3041 2346 3109 si

1361 3133 1463 3204 novis
1485 3135 1670 3204 annuatim
1695 3136 1941 3235 notationibus
1963 3139 2200 3231 explorandae
2224 3157 2346 3228 essent,

1361 3236 1420 3305 vix
1437 3259 1596 3329 unquam
1614 3250 1707 3308 recte
1722 3239 2042 3322 constituerentur,
2067 3257 2344 3338 sequereturque
2363 3333 2369 3343 .
2424 3267 2425 3270 ’

1359 3339 1462 3407 foeda
1478 3351 1678 3430 temporum
1695 3341 1868 3414 confusio.
1909 3339 1980 3410 Vix
1996 3365 2091 3414 uuus
2108 3344 2200 3412 enim
2213 3357 2247 3415 et
2260 3347 2343 3416 item
2424 3393 2425 3404 κ

1360 3439 1450 3510 alter
1472 3441 1633 3532 intanto
1651 3442 1827 3534 reperitur
1846 3438 2034 3513 hominum
2050 3469 2215 3532 numero,
2240 3443 2344 3540 quern
2424 3471 2425 3508 1

1361 3555 1481 3632 tangat
1502 3553 1564 3612 aut
1582 3543 1722 3614 adficiat
1743 3569 1827 3614 cura
1843 3546 2010 3630 iuvandi,
2036 3551 2287 3634 conservandi,
2310 3564 2346 3620 et
2424 3627 2425 3630 Ἴ

1361 3644 1581 3736 propagandi
1605 3669 1725 3714 veram
1752 3648 1797 3716 de
1817 3643 2007 3719 Astrorum
2031 3651 2190 3721 motibus
2217 3654 2347 3723 doctri-

1361 3769 1455 3816 nam.
1492 3745 1647 3817 Plurimi
1661 3762 1779 3819 autem
1796 3762 1835 3820 ut
1849 3750 1998 3820 minime
2013 3754 2250 3824 necessariam
2265 3779 2347 3826 con·
2424 3807 2425 3810 ,

1360 3862 1544 3934 temnunt,
1569 3849 1705 3931 rident,
1734 3865 1766 3921 et
1784 3852 2000 3943 explodunt,
2027 3869 2089 3925 arrt
2110 3867 2151 3926 ut
2168 3857 2346 3928 difficilem

1352 3964 1570 4022 aversantur
1586 3965 1620 4022 et
1632 3954 1825 4042 refugiunt.

1463 4083 1670 4182 Aegyptiaci
1686 4088 1772 4156 anni
1789 4089 1880 4160 ratio
1891 4103 1992 4160 vetus
2006 4107 2074 4177 est,
2102 4117 2180 4164 earn
2200 4093 2259 4188 (ut
2275 4101 2347 4192 opi·

1361 4187 1446 4286 nor)
1471 4185 1680 4260 Astronomi
1705 4191 1814 4281 primi
1836 4195 2084 4264 construendis
2100 4191 2135 4266 e't
2150 4221 2349 4292 propagan-
2424 4277 2425 4290 χ

1361 4293 1415 4362 dis
1438 4293 1641 4374 mediorum
1662 4305 1828 4363 motuum
1853 4291 2062 4368 Canonibns
2095 4293 2351 4388 adhibuerunt,

1360 4408 1402 4466 ut
1426 4394 1571 4466 caeteris
1595 4393 1769 4486 aptiorem
1805 4409 1839 4466 et
1872 4400 2172 4493 commodiorem,
2207 4421 2350 4500 propter

1360 4498 1630 4590 aequalitatem,
1657 4509 1734 4566 tum
1750 4499 1847 4590 quod
1866 4497 1906 4567 in
1923 4501 2107 4594 aequalem
2125 4506 2269 4578 dierum
2284 4535 2350 4580 nu-
2424 4515 2425 4542 l

319 4631 382 4698 nio
399 4633 445 4701 ad
462 4631 716 4725 quaestionem.
767 4627 964 4722 Utriusque
992 4631 1098 4714 anni,
1124 4643 1159 4700 et
1172 4627 1309 4700 Iudaici
1327 4672 1329 4677 ·
1360 4623 1498 4670 mesum
1514 4598 1679 4692 aequales
1691 4611 1810 4670 ¹⁰⁰²¹¹⁸
1827 4600 1967 4673 facium
1986 4604 2110 4676 diduci
2126 4610 2289 4698 P⁰³⁸l¹¹ls
2312 4637 2350 4682 δῦ
2424 4617 2425 4668 l

1360 4701 1549 4786 distribui,
1573 4714 1650 4770 tum
1668 4703 1765 4795 quod
1782 4701 2012 4798 aliiquilibet
2030 4709 2117 4778 anni
2133 4714 2352 4786 resolutione
2424 4701 2425 4784 Ῐ

321 4833 497 4904 incertum
514 4833 651 4908 ludaici
665 4835 752 4904 anni
773 4833 938 4917 initium,
963 4859 1045 4904 cnm
1067 4835 1113 4903 ad
1135 4833 1309 4925 aequino-
1360 4802 1499 4875 dierum
1517 4801 1621 4874 facist
1643 4797 1705 4922 Μ’,
1725 4805 1955 4900 ΕΧΡθάἰῑεΨῙθ
1978 4823 2163 4902 ‘’piem‘’
2199 4841 2241 4886 ³⁶
2261 4841 2350 4937 ,⁰9⁰⁸

321 4933 383 5006 etii
397 4937 498 5006 verni
514 4951 735 5009 momentum
749 4934 858 5006 fucrit
873 4934 1069 5024 alligatum,
1094 4936 1157 5005 sed
1178 4935 1309 5006 excita·
1359 4907 1570 5026 s?”¹¹¹⁰¹¹¹¹¹‘·
1621 4901 1866 4982 R⁹¹¹¹¹¹¹⁰¹⁸¹¹¹¹²
1885 4931 1966 5028 ‘lm'
1984 4935 2120 5028 ΜΨ
2138 4938 2274 5034 {uuum
2295 4943 2352 5038 ,³¹²
2424 5017 2425 5024 ,

320 5038 375 5108 vit
396 5049 501 5129 atque
522 5041 632 5112 erexit
663 5039 802 5110 animos
827 5037 870 5108 ad
907 5037 1242 5128 contemplationem
1273 5051 1309 5108 et
1358 5007 1472 5130 Pilia,
1491 5007 1735 5128 ΡῑοῙῖωῧθω)
1762 5006 2000 5130 OPPemoeus’
2028 5029 2070 5136 et,
2087 5019 2264 5139 ³¹¹¹fif⁰¹¹¹
2291 5047 2350 5090 ω’

320 5137 542 5211 notationem
559 5155 755 5214 accuratam
772 5138 976 5212 coelestium
989 5153 1171 5220 motuum,
1199 5153 1234 5210 et
1250 5140 1307 5208 di·
1358 5123 1492 5181 ΜΠ*
1508 5125 1638 5194 ‘emm
1654 5124 1840 5198 ‘want’
1866 5137 1973 5207 quam
1990 5139 2071 5190 ⁰³⁰¹
2089 5121 2247 5212 pubhm·

319 5244 488 5332 ligentem
512 5267 675 5314 verarum
699 5243 786 5313 anni
816 5255 990 5312 metarum
1013 5242 1307 5340 designationem.
1401 5313 1408 5324 ,
1463 5239 1717 5320 Graecaratio
1742 5245 1942 5338 perplexior
1963 5261 2037 5324 tota
2069 5267 2104 5325 et
2135 5255 2354 5332 laboriosior

321 5341 522 5418 Necessaria
545 5345 614 5416 suit
629 5345 845 5437 aequinoctii
859 5344 1060 5416 observatio
1083 5345 1306 5415 animadver-
1359 5323 1448 5432 suit,
1471 5359 1505 5416 et
1522 5346 1642 5446 minus
1662 5360 1768 5419 certa.
