4906 5986
275 203 325 284 aa
423 163 894 282 Tamsronaauu',
943 155 1318 268 ruu1c'10nuu
1359 121 1442 266 ur
1476 107 1874 274 scansoria-ir
1923 147 2158 294 manv.
2258 199 2311 274 aa

279 377 329 447 tio
343 369 581 466 praetuleritis
594 366 774 454 libertati,
798 377 838 438 ut
861 363 1090 446 nominatur,
1113 378 1148 436 et
1167 387 1267 434 nunc
1320 373 1406 456 pum
1423 363 1626 444 essevoluit
1640 367 1796 440 mirandi
1819 367 1952 440 amoris
1973 369 2014 438 in
2026 363 2121 438 Filio
2142 379 2233 459 erga
2248 389 2313 436 na-

280 475 492 549 anteferatis.
1321 481 1436 536 turam
1452 460 1665 554 humanam,
1691 494 1799 564 quam
1818 469 2018 563 assumpsit.
2065 467 2314 541 Circumdedit

384 574 503 667 Quam
527 574 575 643 ob
603 597 742 644 cansam
768 583 863 642 certo
887 567 1004 640 sciatis
1026 567 1128 638 vobis
1148 568 1272 646 ,adesse
1322 579 1439 638 autem
1459 580 1572 638 certas
1594 583 1724 654 metas,
1748 585 1790 644 ut
1815 571 2037 662 intelligatur
2063 567 2221 658 castitas,
2243 585 2315 665 qua

282 680 416 764 Deum,
442 677 622 748 custodem
640 687 774 744 vestrae
788 669 966 742 societatis
981 682 1016 740 et
1039 668 1212 756 familiae,
1238 682 1272 738 et
1324 667 1400 739 vult
1416 693 1452 739 se
1469 665 1566 740 Deus
1579 671 1625 768 ab
1640 673 1835 746 immundis
1851 675 1990 746 naturis
2007 672 2172 746 discerni.

284 804 409 853 omnes
424 800 610 850 aerumnas
625 776 819 846 leniturum
841 795 933 858 esse,
962 784 1004 842 ut
1028 771 1132 840 affuit
1155 785 1273 842 custos
1428 767 1480 840 Ac
1503 773 1558 842 ut'
1573 773 1725 865 intelligi
1758 779 1886 868 possit,
1917 771 1981 846 has
2006 788 2117 846 metas
2143 771 2315 843 divinitus

284 883 501 954 familiarum
523 871 718 964 Abrahae,
747 871 880 960 Isaac,
912 869 1047 956 Iacob,
1088 865 1273 958 Thabioe,
1324 871 1476 942 sancitas
1499 894 1593 960 esse,
1618 877 1813 949 voluntatis
1839 901 1922 951 suae
1948 890 2073 962 testes,
2104 874 2219 946 voluit
2240 897 2315 944 esse

287 1001 322 1058 et
346 986 541 1054 multorum
566 965 727 1073 piorum,
750 1001 859 1074 quos,
890 999 1093 1069 quanquam
1117 989 1151 1046 et
1178 973 1274 1066 ipsos
1324 968 1518 1044 horribiles
1542 999 1692 1066 poenas,
1733 1003 1824 1074 quae
1846 979 1996 1050 immoto
2021 977 2148 1048 ordine
2170 977 2210 1044 in
2231 977 2315 1045 uui-

220 1099 224 1106 '
287 1087 392 1157 m'ulti
416 1086 534 1156 tristes
563 1106 662 1152 casus
683 1083 822 1152 duriter
842 1090 1092 1156 exercuerunt,
1123 1075 1276 1169 proterit
1326 1097 1428 1144 verso
1445 1097 1571 1165 genere
1584 1071 1742 1150 humano
1756 1081 1891 1176 ubique
1906 1081 2056 1151 incestas
2068 1078 2239 1150 libidines
2253 1101 2315 1146 co-

287 1205 425 1272 tamen,
450 1200 484 1255 et
499 1185 537 1253 iu
554 1182 692 1274 magnis
712 1179 879 1274 periculis
902 1192 937 1250 et
960 1177 1139 1248 aerumnis
1165 1177 1276 1271 placi·
1326 1177 1518 1262 mitantur,
1541 1192 1576 1249 et
1588 1183 1799 1268 ostendunt,
1823 1205 1898 1252 non
1923 1203 2025 1267 casu,
2058 1183 2118 1251 sed
2142 1179 2315 1250 divinitus

289 1291 480 1362 dosexitus
496 1285 606 1358 dedit.
1326 1277 1438 1348 deleri
1464 1302 1542 1363 eos,
1583 1281 1647 1375 qui
1678 1277 1779 1355 tetris
1812 1284 2008 1356 libidinum
2043 1281 2315 1354 confusionibus

389 1389 534 1480 Quanto
560 1383 803 1458 tolerabiliora
826 1393 909 1452 sunt
937 1379 1058 1452 omnia
1090 1403 1181 1474 quae
1207 1379 1276 1472 piis
1328 1379 1456 1474 polluti
1469 1394 1564 1454 sunt.

288 1495 474 1571 accidunt,
498 1489 560 1582 qui
577 1511 613 1558 se
626 1484 704 1556 Deo
721 1483 824 1556 curae
842 1506 916 1554 esse
929 1483 1065 1566 sciunt,
1077 1553 1081 1556 ,
1093 1483 1226 1576 quique
1240 1505 1277 1552 se
1432 1479 1612 1574 Impressit
1627 1500 1662 1557 et
1673 1487 1860 1557 mirificam
1876 1482 2162 1557 benevolentiam
2188 1505 2316 1574 paren·

290 1611 325 1666 et
348 1618 429 1665 suas
444 1591 595 1661 iaurilias
611 1601 745 1658 norunt
760 1599 874 1677 septas
890 1609 963 1656 esse
978 1598 1154 1655 castorum
1170 1607 1278 1674 ange·
1329 1583 1425 1654 tibus
1439 1605 1520 1674 erga
1536 1599 1656 1673 natos,
1678 1613 1769 1682 quae
1790 1611 1871 1658 cum
1892 1611 1967 1658 non
1991 1585 2039 1656 sit
2060 1607 2143 1654 casu
2162 1607 2317 1668 accensa,

290 1700 409 1768 lorum
433 1691 653 1784 agminibus,
685 1713 791 1784 quam
815 1711 906 1782 quae
932 1685 1098 1756 accidunt
1120 1685 1279 1778 pollutis,
1328 1685 1459 1755 sedita
1487 1688 1631 1759 condita
1661 1689 1707 1760 sit
1734 1689 1773 1759 in
1801 1689 1947 1781 optimis
1972 1687 2131 1768 naturis,
2172 1687 2213 1754 in
2236 1685 2316 1778 qui-

233 1845 241 1860 ·
293 1819 445 1894 quorum
461 1806 600 1887 pectora
617 1793 753 1882 magnis
770 1789 986 1860 cruciatibus
1001 1789 1219 1876 lacerantur,
1246 1800 1280 1856 et
1330 1789 1397 1857 bus
1412 1787 1527 1858 voluit
1546 1785 1642 1860 Deus
1662 1815 1763 1862 suam
1786 1791 1937 1882 effigiem
1962 1779 2136 1882 conspici,
2160 1786 2318 1859 ostendit

294 1902 357 1996 qui
379 1899 496 1969 sciunt
517 1917 553 1964 se
573 1891 687 1964 aDeo
711 1891 889 1985 proiectos
904 1913 996 1976 esse,
1022 1903 1058 1960 et
1074 1889 1114 1958 in
1135 1912 1280 1978 magnas
1331 1887 1482 1958 similem
1506 1889 1545 1958 in
1571 1889 1648 1982 ipso
1671 1913 1754 1986 erga
1780 1915 1852 1962 uos
1877 1905 2062 1986 paternam
2087 1883 2318 1988 ocopydr‘ct

293 1997 507 2073 calamitates
527 1991 711 2067 ruituros?
765 1987 867 2062 Nihil
901 1991 1047 2084 cogitari
1068 1985 1280 2076 horribilius
1331 2013 1487 2062 umorem
1502 2013 1588 2086 esse.
2063 2021 2064 2026 ¹

294 2089 358 2181 tali
379 2103 450 2174 vita
472 2109 604 2194 potest,
629 2119 737 2192 quam
760 2117 826 2165 uec
849 2093 1024 2185 gubernat
1047 2103 1120 2186 uec,
1129 2093 1281 2188 protegit
1433 2089 1530 2162 Haec
1543 2090 1664 2163 omnia
1679 2093 1880 2174 aedificium
1894 2086 2045 2164 humani
2058 2093 2235 2186 corporis,
2260 2093 2317 2162 di·

294 2207 404 2280 Deus.
592 2257 595 2268 .
1331 2191 1560 2264 stinctionam
1574 2217 1686 2280 sexus,
1711 2195 1805 2286 leges
1820 2195 1997 2285 coniugii,
2020 2219 2153 2288 poenas
2167 2195 2318 2266 incestae
2428 2223 2429 2246 1

398 2303 472 2374 lam
496 2313 537 2374 ut
556 2299 667 2370 animi
683 2279 879 2370 cunctantia
895 2297 934 2366 in
949 2295 1107 2366 ferendis
1121 2318 1282 2366 commu·
1332 2296 1618 2378 consuetudinis,
1644 2292 1808 2396 στοργὴν
1829 2309 2034 2390 parentum,
2059 2297 2212 2369 illustria
2236 2321 2319 2389 pro-
2428 2275 2429 2330 ³

296 2408 404 2477 nibus
419 2404 598 2474 aerumnis
613 2400 819 2484 sitfirmior,
840 2396 1282 2472 attentecousideresdul-
1334 2395 1510 2468 videntiae
1532 2397 1734 2469 testimonia
1754 2421 1848 2485 esse,
1872 2398 2101 2470 manifestum
2123 2412 2194 2487 est;
2228 2422 2318 2492 quae

297 2509 435 2580 cissima
449 2505 562 2591 dicta,
584 2505 623 2573 in
639 2503 768 2596 quibus
783 2497 881 2572 Deus
896 2515 931 2572 et
944 2501 1164 2588 voluntatem
1182 2521 1281 2568 suam
1333 2497 1477 2591 quidem
1500 2502 1694 2571 ostendunt
1712 2495 1804 2574 hanc
1825 2513 1990 2572 naturam
2012 2522 2088 2570 nou
2118 2523 2201 2571 casn
2232 2497 2320 2570 erti-

298 2608 483 2702 expressit,
511 2620 546 2678 et
567 2605 739 2676 auxilium
761 2603 968 2694 pollicetur,
993 2625 1063 2695 qua
1090 2601 1129 2670 in
1153 2599 1284 2690 cogita·
1333 2599 1435 2685 tisse,
1459 2601 1522 2670 sed
1539 2625 1621 2672 vere
1638 2625 1712 2674 esse
1725 2617 1879 2674 mentem
1895 2597 2228 2687 architectutricem,
2252 2599 2321 2672 bo-
2428 2673 2429 2684 ,

297 2713 397 2784 tione
411 2709 523 2780 ordiri
537 2711 581 2778 ab
591 2732 630 2778 ea
645 2705 850 2776 narratione
867 2703 1101 2774 rectissimum
1118 2715 1180 2790 est,
1194 2723 1284 2794 qrrae
1334 2725 1435 2786 nam,
1469 2701 1620 2787 iustam,
1653 2717 1803 2790 castam,
1834 2703 2012 2774 vindicem
2037 2703 2229 2788 scelerum,
2256 2729 2320 2774 cu·
2428 2685 2429 2762 l

256 2897 260 2912 Ι
297 2812 465 2885 describit
500 2809 652 2902 primam
682 2797 999 2898 generis'lmmaui
1021 2803 1284 2888 formationem,
1333 2805 1469 2873 stodem
1484 2805 1659 2876 societatis
1674 2799 1869 2891 humanae,
1893 2819 1928 2876 et
1942 2799 2084 2876 honesti
2101 2805 2269 2895 coniugii.

297 2915 361 2986 ubi
383 2914 552 3004 scriptum
575 2923 646 2996 est,
670 2905 789 2980 Dixit
804 2901 1016 2992 Dominus,
1042 2901 1133 2980 Non
1150 2911 1202 2974 esi
1218 2899 1283 2972 bo-
1435 2903 1509 2974 Nec
1522 2931 1605 2976 vem
1620 2908 1837 2978 dubiumest
1851 2905 2059 2996 coniugium
2076 2906 2154 3002 lieri
2170 2907 2320 2992 dulcius,
2428 2913 2429 2920 ’

258 3029 261 3044 “
297 3041 386 3088 num
403 3008 588 3084 dominam
605 3033 680 3084 esse
693 3008 834 3094 solum,
848 3007 1050 3108 sociamus
1075 3004 1110 3078 ci
1131 3001 1282 3078 adiuto-
1335 3029 1415 3074 cum
1429 3000 1538 3077 huius'
1553 3031 1655 3078 verae
1666 3009 1859 3102 sapientiae
1872 3007 2148 3099 deprovidentia
2164 3003 2320 3079 scholam

297 3107 394 3190 rium
407 3111 531 3186 simile
545 3111 632 3208 ipsi.
1335 3129 1408 3179 esse
1423 3107 1672 3208 considerabis.
1723 3109 1850 3180 Postea
1865 3109 1971 3180 etiam
1987 3107 2026 3178 iu
2043 3111 2270 3200 generatione
2286 3123 2321 3180 et

397 3217 489 3289 Cum
520 3215 696 3308 quaeruut
722 3207 902 3300 ,humanae
935 3220 1091 3290 mentes,
1123 3231 1188 3278 cur
1209 3229 1284 3276 non
1336 3207 1531 3282 nutritione
1548 3211 1702 3295 sobolis,
1729 3213 1815 3282 etin
1831 3211 1986 3282 familiae
2000 3213 2239 3304 protectione,
2266 3228 2320 3283 te·

297 3323 369 3393 alio
391 3320 498 3389 modo
517 3317 556 3388 fit
570 3314 793 3408 propagatio,
820 3325 860 3383 ut
874 3311 1004 3380 llorum
1021 3321 1056 3380 et
1070 3333 1196 3402 apum,
1224 3320 1286 3378 aut
1333 3310 1498 3380 stimonia
1515 3307 1730 3402 praesentiae
1744 3311 1813 3382 Dei
1828 3313 1938 3400 multa
1955 3335 2087 3386 cernes.

297 3419 511 3494 Phoenicis?
560 3413 609 3488 Et
635 3439 699 3488 cur
720 3415 828 3486 maris
852 3426 887 3484 et
907 3409 1084 3481 foeminae
1104 3409 1284 3501 copulatio
1437 3410 1565 3492 Statim
1579 3437 1659 3484 curu
1673 3413 1810 3485 in'alvo
1831 3428 1990 3486 materna
2013 3415 2137 3486 foetus
2152 3415 2320 3496 nascitur,

298 3523 403 3596 certis
425 3521 528 3592 metis
549 3519 754 3612 circundata
776 3515 852 3586 est?
901 3507 1069 3586 Retrahit
1098 3535 1165 3582 nos
1187 3509 1284 3582 Deus
1335 3535 1381 3582 ne
1403 3515 1535 3608 tenello
1558 3516 1768 3608 corpusculo
1785 3515 1876 3588 desit
1895 3516 2173 3602 nutrimentum,
2197 3518 2322 3586 divino

298 3629 418 3708 adse,
448 3622 633 3717 inquiens,
666 3615 787 3690 Dixit
809 3611 1019 3696 Dominus,
1051 3615 1089 3684 id
1123 3627 1194 3695 est,
1227 3637 1284 3684 sa-
1334 3615 1482 3698 consilio
1499 3617 1548 3688 ita
1563 3619 1707 3688 condita
1721 3630 1775 3688 est
1795 3631 1943 3698 natura,
1969 3631 2010 3688 ut
2024 3617 2079 3688 lac
2094 3617 2134 3688 in
2149 3619 2320 3689 uberibus

297 3725 521 3824 pientissimo
531 3723 681 3794 consilio
690 3735 726 3793 et
740 3720 887 3792 immoto
904 3719 1046 3798 decreto
1056 3715 1171 3786 sanxit
1187 3710 1284 3786 hunc
1335 3729 1517 3809 coquatur.
1575 3716 1674 3788 Miro
1699 3720 1827 3789 ordine
1849 3719 1973 3788 divino
1997 3719 2163 3790 laxantur
2187 3721 2320 3792 ossium

299 3830 475 3902 ordinem.
523 3823 567 3894 lu
585 3820 652 3896 hoc
666 3826 807 3894 decreto
825 3819 1057 3914 acquiescito,
1082 3817 1141 3888 cui
1157 3819 1279 3889 adver·
1335 3817 1519 3888 iuncturae
1531 3813 1623 3890 iusto
1646 3833 1805 3912 tempore
1828 3820 1866 3890 iu
1890 3832 2012 3912 partu,
2036 3843 2077 3891 ac
2098 3835 2216 3913 postea
2240 3845 2320 3893 rur·

298 3931 388 4018 sari,
413 3944 464 4000 est
478 3927 640 4020 giganteo
658 3923 906 3996 morebellurn
924 3921 1023 3992 coelo
1045 3917 1195 4002 inferre,
1220 3914 1284 3991 acui
1335 3941 1393 3988 sus
1414 3920 1646 4006 clauduntur,
1670 3930 1767 4018 'quae
1803 3923 1903 3997 nulla
1932 3917 2088 3993 humana
2112 3935 2187 3993 arte
2210 3923 2318 3994 laxari
2429 3965 2430 3982 .

296 4033 512 4128 θεομαχεῖν.
575 4107 582 4120 ,
699 4095 714 4122 Α
1335 4033 1396 4093 aut
1411 4021 1528 4092 claudi
1544 4038 1704 4116 possunt.

399 4131 531 4204 Causas
552 4153 637 4200 vero
663 4123 804 4226 consilii
825 4123 958 4209 divini,
982 4119 1039 4193 in
1060 4121 1122 4192 illa
1143 4136 1283 4194 aeterna
1436 4120 1533 4194 Haec
1565 4125 1748 4195 manifesta
1782 4123 1953 4194 miracula
1993 4127 2205 4212 ostendunt,
2245 4147 2320 4195 uon

298 4233 554 4308 consuetudine
572 4231 684 4320 magis
706 4249 909 4304 cernemus,
943 4249 1040 4296 nunc
1068 4237 1186 4295 autem
1215 4224 1282 4316 ipsi
1335 4247 1418 4294 casu
1433 4225 1530 4294 nasci
1546 4221 1728 4310 homines,
1754 4226 1814 4298 sed
1829 4225 1968 4304 ordinis
1982 4221 2089 4298 huius
2104 4241 2138 4300 et
2161 4242 2320 4299 autorem

298 4339 438 4411 decreto
454 4335 757 4424 obtemperemus,
781 4325 917 4396 etiamsi
931 4349 1053 4398 causas
1069 4349 1193 4396 omnes
1210 4350 1283 4394 nnn
1334 4340 1369 4396 et
1393 4341 1675 4398 conservatorem
1696 4325 1812 4398 Deum
1840 4350 1926 4400 esse.
1984 4325 2110 4400 Postea
2137 4345 2222 4401 sunt
2252 4328 2320 4398 alia

297 4437 548 4534 perspicimus,
581 4445 616 4504 et
635 4445 753 4503 tamen
777 4429 914 4521 aliquas
935 4429 1158 4500 considerare
1181 4427 1284 4499 dulce
1335 4425 1450 4499 mults
1476 4429 1575 4518 sigua
1604 4417 1823 4522 praesentiae
1848 4417 1934 4516 Dei,
1975 4433 2070 4524 quod
2106 4451 2167 4502 sua
2199 4434 2320 4502 dextra

212 4581 216 4587 ·
268 4556 369 4626 est,
394 4555 428 4613 et
452 4561 574 4610 earum
599 4533 812 4624 cogitatione
828 4525 897 4602 hoc
912 4553 1023 4620 genus
1038 4529 1130 4600 vitae
1146 4528 1185 4600 fit
1201 4553 1283 4600 sua·
1334 4541 1454 4598 tuetur
1485 4525 1672 4600 hominum
1703 4521 1919 4602 societatem.
1977 4531 2073 4622 Quia
2098 4532 2254 4604 latrones
2277 4531 2321 4600 ad

297 4645 388 4718 vius,
1004 4684 1006 4693 .
1334 4653 1465 4721 poenas
1497 4633 1607 4722 rapit,
1641 4634 1747 4704 etiam
1775 4659 1855 4702 cum
1880 4655 1921 4702 ex
1947 4635 2113 4706 manibus
2137 4635 2319 4725 magistra·

399 4739 546 4832 Conditi
571 4749 655 4808 sunt
677 4737 767 4818 duo,
803 4731 886 4828 quia
909 4731 1024 4803 voluit
1046 4727 1143 4802 Deus
1172 4753 1284 4821 genus
1334 4747 1433 4802 tuum
1450 4731 1612 4822 effugisse
1629 4735 1808 4808 videntur.

297 4843 495 4919 humanum
510 4837 705 4912 Ecclesiam
721 4859 814 4918 esse,
840 4834 953 4904 voluit
967 4833 1137 4904 celebrari
1161 4858 1282 4902 vocem
1437 4831 1549 4925 Saepe
1572 4835 1682 4926 igitur
1696 4852 1810 4910 tecum
1827 4849 1963 4927 repetas
1977 4831 2070 4907 hanc
2085 4863 2223 4926 vocem,
2244 4833 2322 4907 Di·

298 4949 481 5020 doctrinae
494 4945 587 5016 inter
613 4941 752 5032 plures,
778 4937 927 5008 alterum
942 4936 996 5006 ab
1016 4936 1126 5006 altero
1153 4935 1284 5019 doceri,
1334 4931 1397 5004 :cil
1413 4928 1538 5014 Deus,
1565 4932 1657 5008 Non
1671 4933 1869 5008 caldunum
1887 4931 2070 5012 hominem
2089 4961 2163 5010 esse
2186 4935 2322 5024 solvam,

168 5035 177 5062 ⁸
298 5045 566 5122 alterum-alteri
583 5057 796 5114 teatemesse
819 5037 1072 5122 invocationis,
1103 5049 1136 5106 et
1160 5059 1283 5130 specu-
1326 5034 1524 5136 socidanus
1540 5033 1829 5109 aladiatorium.
1873 5033 2008 5110 Dicere
2026 5055 2142 5113 autem
2161 5038 2321 5112 hocloco

298 5155 372 5223 lum
387 5143 657 5220 dehortatorem
672 5145 715 5212 ad
736 5141 855 5210 omnia
872 5139 1045 5212 virtutum
1061 5135 1189 5208 officia.
1335 5137 1526 5226 significat,
1565 5141 1727 5212 miranda
1754 5141 1924 5232 sapientia
1952 5143 2107 5228 sancire,
2150 5157 2185 5215 et
2216 5145 2322 5215 nobis

400 5249 537 5322 Marem
556 5261 672 5318 autem
685 5257 719 5315 et
734 5243 925 5314 foeminam
943 5241 1122 5322 condidit,
1146 5252 1187 5349 pt
1203 5261 1283 5310 mu·
1335 5233 1401 5309 hoc
1418 5243 1596 5312 decretum
1615 5245 1767 5312 tradere:
1795 5256 1829 5311 et
1843 5239 1920 5313 Deo
1936 5244 2068 5317 dicenti
2088 5269 2127 5316 ac
2147 5245 2322 5318 sancienti

297 5373 357 5432 tua
384 5353 431 5430 sit
453 5365 487 5424 et
511 5351 639 5422 ardens
663 5341 819 5446 στοργὴ,
852 5366 961 5442 quam
991 5343 1137 5438 quidem
1167 5351 1202 5413 et
1226 5355 1283 5436 ty·
1332 5342 1650 5436 obtemperandum
1669 5367 1742 5418 esse
1761 5355 1903 5414 statuas.
