4888 5962
670 1541 1609 1688 r'ltanttucttnnun.

1007 1879 1101 1890 *⁸0-
1110 1883 1236 1892 ν-οι-ι-ὀο

113 2208 554 2428 ἓξὲἓῗὼῦίοὴιὼοηίε
583 2235 731 2337 epistolis
761 2266 796 2320 et
817 2247 1012 2320 carminibus
1033 2255 1096 2337 iam
1119 2211 1340 2342 progredimur
1363 2257 1404 2324 ad
1428 2259 1575 2326 eiusdem
1598 2264 1780 2350 orationes,
1815 2290 1899 2352 quae
1920 2277 2050 2358 quidam
2072 2287 2152 2350 varii

246 2457 394 2523 Pretium
422 2460 506 2522 enim
533 2457 693 2524 hahemus
721 2455 922 2542 muscatam
951 2457 1170 2534 academicae,
1206 2461 1465 2526 aMelanthona
1485 2464 1694 2530 scholasticis
1725 2469 1765 2530 ad
1786 2473 1985 2540 recitandum
2009 2483 2141 2550 traditas
2208 2525 2211 2529 -

114 2549 194 2614 Mos
215 2557 286 2610 erat
301 2547 341 2645 ‘iu
363 2543 558 2643 Academia,
588 2553 623 2608 ut
651 2543 692 2609 iis
715 2545 769 2624 qui
792 2544 928 2626 gradum
950 2542 1117 2608 doctarum
1146 2555 1312 2627 poteraut,
1340 2566 1360 2609 a
1381 2548 1596 2628 scholastico,
1630 2569 1732 2634 saepe
1752 2573 1852 2634 puero
1875 2559 1936 2640 (eo
1958 2567 2041 2628 eninr
2062 2535 2151 2634 mm..

114 2653 197 2720 pora
219 2652 310 2716 puen
332 2649 462 2714 quoque
487 2651 518 2692 m
541 2627 719 2692 Academia
741 2629 843 2692 literis
866 2648 999 2710 operam
1022 2628 1161 2712 dabant)
1183 2633 1330 2710 quaestio
1352 2644 1603 2714 proponeretur,
1635 2636 1676 2700 ad
1699 2657 1796 2720 quarn
1824 2653 1880 2706 aut
1909 2655 2150 2728 promovendus

112 2727 209 2804 ipse,
240 2720 423 2782 autetiam
450 2715 595 2780 Praescs
623 2714 849 2796 disputationis
878 2715 1105 2798 respondebat.
1155 2715 1332 2780 Praeterea
1359 2719 1422 2780 iam
1451 2738 1534 2782 anno
1561 2720 1653 2784 1525.
1676 2724 1856 2792 Academia
1883 2729 1992 2814 legam
2021 2739 2137 2806 tulerat

112 2819 181 2892 „ut
203 2802 339 2887 singulis
360 2801 527 2899 mansibus
550 2799 820 2864 declamaretur'¹.
865 2796 940 2888 Vid.
963 2801 1057 2882 epist.
1075 2797 1151 2864 Vol.
1176 2804 1198 2862 l.
1220 2821 1251 2884 p.
1264 2801 1339 2868 737.
1391 2800 1519 2882 Quanta
1546 2805 1651 2870 iudicii
1677 2810 1855 2875 subtilitate
1876 2815 2067 2888 Melanthos
2089 2791 2149 2890 ar:

110 2901 273 2976 gramenta
294 2898 520 2970 quassconum
541 2887 696 2968 clegerit,
731 2904 786 2948 res
813 2887 886 2966 ipsa
907 2883 1020 2968 docet,
1050 2885 1145 2968 quum
1169 2889 1380 2967 quaestiones
1409 2889 1624 2974 gravissimas
1647 2910 1750 2975 saepe
1772 2915 1826 2959 res
1850 2909 1990 2968 tractent
2036 2920 2148 2980 noma

113 2993 246 3062 quoque
267 2984 377 3038 aetate
397 2973 483 3036 omui
504 2971 762 3036 consideratione
784 2967 911 3054 dignas.
1994 2951 2006 2988 ’
2052 2975 2056 2982 “

246 3087 392 3156 Secreado
414 3091 487 3152 loco
509 3089 676 3171 posuimus
698 3084 809 3152 breves
830 3086 996 3150 euticianae
1019 3107 1062 3150 ex
1083 3087 1239 3152 cathedra
1259 3087 1407 3170 habitas,
1438 3091 1470 3152 in
1493 3090 1762 3174 disputationibus
1784 3100 1921 3182 publicis
1967 3123 2052 3187 qnae
2074 3125 2151 3178 aunt

113 3179 169 3242 vel
200 3177 359 3258 alloquia,
386 3175 442 3236 vel
470 3175 643 3257 petitiones
665 3173 705 3237 ad
729 3173 899 3254 lleeanos,
932 3171 985 3235 val
1008 3173 1182 3256 gratiarum
1205 3174 1370 3256 actiones,
1405 3175 1459 3236 vcl
1480 3177 1599 3240 breves
1620 3177 1769 3246 necteris
1791 3149 1991 3254 Aeadeniiae
2012 3197 2148 3260 concio-

114 3283 178 3328 nes
202 3264 333 3326 habitae
354 3245 406 3322 vel
429 3269 505 3322 ante
528 3261 582 3321 vol
605 3270 680 3342 post
701 3259 873 3324 lectionem
897 3260 1006 3338 logum
1031 3257 1240 3321 Academiae.
1283 3258 1450 3322 itiusmodi
1473 3263 1646 3326 concinnes
1669 3267 1787 3330 multas
1810 3274 1940 3354 scripsit
1956 3259 2148 3346 Melanthea

113 3363 151 3414 ct
172 3347 381 3412 scholasticis
404 3355 437 3408 ot
459 3343 663 3424 doctoribus,
692 3346 866 3427 praecipue
889 3343 1110 3426 Principibus,
1139 3342 1321 3406 Comitlbus
1344 3357 1378 3409 et
1400 3343 1573 3410 Nobilibus
1599 3351 1680 3412 inter
1702 3353 1922 3422 scholasticos
1968 3363 2084 3443 quihus
2105 3386 2149 3430 cx

113 3453 206 3500 mure
236 3434 322 3496 illius
350 3431 504 3512 temporis
532 3447 680 3493 summus
707 3432 918 3512 magistratus
944 3431 973 3491 iu
996 3428 1175 3492 Academia
1202 3430 1334 3490 honoris
1363 3445 1464 3492 eausa
1493 3449 1593 3514 saepe
1623 3435 1818 3502 tradebatur.
1840 3476 1882 3490 -
1926 3406 2068 3514 :adjunxi
2097 3453 2150 3516 pp,

112 3519 324 3584 concionibus
342 3518 439 3580 ctiam
460 3517 554 3599 legas
576 3533 604 3578 s.
626 3525 751 3579 statuta
771 3515 969 3577 Academiae
993 3533 1013 3578 a
1034 3513 1247 3576 Melanthoue
1269 3515 1399 3596 scripta

113 3729 119 3740 Ι
248 3631 359 3736 Tertia
389 3633 461 3696 loco
490 3632 586 3732 posui
613 3627 878 3730 declamationes·
896 3631 1024 3730 publice
1052 3631 1223 3712 recitatas,
1240 3632 1278 3729 i.
1302 3648 1330 3692 o.
1354 3633 1517 3730 orationes
1538 3633 1746 3718 prolixiores,
1776 3655 1859 3718 quas
1880 3641 2071 3710 Melanthea
2093 3655 2148 3714 vat

113 3743 187 3810 ipsa
209 3730 375 3820 coaptavit.
411 3719 466 3816 val
493 3719 565 3816 alus
587 3715 770 3816 hominihus
792 3715 943 3816 eruditis,
973 3727 1068 3814 etiarn
1091 3713 1291 3814 Academias
1312 3715 1498 3780 doctoribus
1519 3717 1701 3780 recitandas
1723 3721 1868 3801 tradidit,
1895 3737 1930 3790 et
1952 3747 2016 3790 non
2039 3735 2145 3800 sotum

114 3811 304 3960 'stilti
321 3803 608 3953 ‘iih'iiil'i'i2
626 3801 697 3950 ..til
718 3799 1283 3950 titt..¹.ll⁸⁰⁰¹tll⁸.2.ll⁰ll.t’
1306 3801 1785 3950 Militibtttlt
1806 3807 2039 3955 i”.‘·¹⁰·⁸‘¹-⁰¹”¹⁸
2063 3819 2144 3917 P·

114 3910 160 4048 iic
182 3913 331 4062 Pirilippir
352 3975 443 4058 tuot,
464 3993 548 4058 quae
571 3975 693 4037 inserta
714 3983 766 4036 est
788 3933 949 4036 hludovici
970 3971 1166 4034 orationibus
1188 3971 1230 4034 da
1249 3905 1384 4036 listins
1406 3907 1578 4036 Ecclesiae:
1601 3907 1829 4041 eortiimiiiioiii
1850 3905 1980 4062 pixitvii
2002 3915 2146 3968 mum

202 4095 356 4176 „Publice
379 4091 553 4170 recitanda,
575 4093 790 4173 preponenda,
818 4087 1007 4169 disputanda
1028 4087 1115 4150 selus
1139 4083 1193 4150 illa
1217 4087 1354 4168 scripsit.
1397 4085 1535 4174 collegis
1556 4089 1655 4152 malta
1678 4093 1896 4177 praescripsit,
1920 4119 2017 4179 nequa
2039 4104 2070 4164 id
2093 4107 2148 4167 do-

202 4184 267 4263 „0ti
290 4193 318 4244 at
341 4177 400 4257 ipsi
424 4178 482 4242 riri
506 4187 593 4256 turpe
616 4175 675 4238 sibi
699 4185 855 4256 putarunt.
898 4173 939 4238 D.
961 4173 1141 4254 Zieglerus,
1171 4173 1286 4236 nobilis
1309 4173 1433 4252 linguae
1454 4175 1541 4238 bobr.
1567 4175 1743 4256 professor,
1774 4179 1885 4260 Lipsia
1907 4203 2000 4266 saepe
2023 4189 2147 4254 veniens

202 4267 437 4348 ”Visebat-gam,
473 4265 579 4343 petivit
608 4261 668 4333 sihi
699 4261 844 4324 lectiones
874 4269 903 4321 et
932 4259 1087 4323 orationes
1117 4259 1306 4338 praescribi,
1342 4269 1369 4320 ct
1395 4259 1493 4323 musei
1515 4260 1634 4324 loribus
1656 4263 1789 4344 assedit,
1818 4285 1856 4330 ua
1878 4269 1945 4350 quis
1968 4273 2149 4340 scribentem

202 4349 450 4434 „interpellares
493 4349 532 4412 Il.
555 4345 719 4428 crucigero
745 4345 944 4426 praescripsit
965 4345 1224 4410 Commentariun
1245 4347 1278 4407 in
1301 4343 1464 4408 iohannem
1488 4345 1520 4408 iu
1542 4347 1671 4410 lectione
1694 4347 1794 4431 ipsius
1813 4351 1958 4436 Lntheri,
1979 4357 2151 4426 Froesehc-

203 4440 269 4520 „lia
291 4439 418 4502 diacono
440 4433 473 4496 in
495 4433 700 4499 Matthaeum.
743 4429 956 4510 lattttttchn,
983 4431 1049 4492 viro
1072 4430 1337 4511 praestantissimo
1360 4429 1393 4492 in
1414 4434 1579 4496 secundum
1603 4433 1705 4497 Plinii.
1747 4435 2039 4520 Chytraeoregnlas
2060 4445 2140 4510 vitae

201 4523 343 4607 ”Sabino
372 4517 579 4602 mythologiaa
609 4519 642 4580 tn
672 4517 903 4598 metamorphos.
928 4516 1040 4580 orttit.
1085 4517 1121 4579 D.
1145 4516 1291 4597 Klingio,
1322 4517 1558 4604 luriseonsulto,
1586 4519 1662 4581 iuris
1683 4521 1863 4587 methodum.
1919 4497 2151 4596 Conlesaioneni

200 4606 437 4692 „haganonem
451 4625 593 4688 graecam
608 4603 747 4669 Dolaoie.
780 4603 942 4666 Orationes
956 4602 1059 4666 rnnltia
1074 4603 1105 4664 in
1121 4605 1278 4668 academia
1289 4603 1432 4686 Lipsiea,
1454 4603 1733 4688 Franeolortiana,
1756 4607 1986 4694 Rostoohiana,
2008 4613 2150 4698 Gryphs-

199 4699 401 4778 „salutans
435 4691 515 4756 titis
538 4691 604 4754 alia
626 4689 898 4754 innumerabilia''.

118 4818 216 4883 Hace
245 4815 417 4878 verissime
448 4809 533 4875 dicta
562 4827 641 4872 erae
669 4829 713 4872 ex
742 4807 890 4890 epistolis
911 4803 1133 4869 Melanthonis
1163 4807 1251 4870 claro
1272 4807 1474 4890 perspicitur.
1527 4807 1646 4890 Neque
1669 4809 1755 4872 enim
1778 4809 1968 4877 Melanthon
1992 4819 2151 4884 salumin

120 4905 221 4966 rebus
244 4899 439 4982 theologicis
462 4896 583 4964 doetus
602 4905 690 4978 erat,
717 4891 778 4956 sed
801 4895 898 4956 etiam
920 4892 1004 4956 beno
1025 4899 1180 4955 versatus
1206 4893 1239 4954 in
1261 4891 1532 4976 lurisprudantia,
1561 4891 1741 4973 Medicina,
1769 4893 1931 4980 Physica,
1960 4899 2152 4970 Mathema.

117 4991 204 5066 tica,
237 5003 418 5070 quanquam
441 5002 461 5045 a
482 5001 563 5044 vcro
592 4997 655 5044 non
678 4979 851 5043 abhorrere
875 4973 1020 5058 videtur,
1048 4977 1077 5038 si
1098 4978 1341 5056 existimamus,
1371 4977 1532 5042 interdurn
1555 4979 1799 5042 Melanthonem
1822 4999 1843 5044 a
1864 4981 2019 5066 Medicis,
2048 4989 2152 5054 luris·

117 5073 298 5150 consultis,
320 5067 560 5134 Mathematieia
581 5077 772 5150 argumenta
794 5063 974 5129 ambonem
995 5064 1175 5146 perscripta
1192 5063 1384 5146 accepisse,
1410 5075 1447 5128 ut
1469 5081 1510 5127 aa
1531 5063 1664 5127 uberius
1687 5065 1870 5131 elaboraret
1891 5079 1928 5132 at
1950 5069 2052 5137 lorma
2074 5093 2152 5139 ora·

118 5161 202 5224 toria
220 5157 368 5222 induerit.

247 5272 370 5355 Neque
398 5267 541 5332 osanna
567 5269 707 5350 aliquam
737 5281 876 5364 magum
903 5282 1060 5363 numerus
1081 5263 1242 5328 eiusmodi
1262 5265 1452 5330 orationem.
1504 5261 1583 5327 Non
1604 5264 1711 5328 solum
1735 5265 1822 5330 anim
1844 5269 1875 5332 in
1899 5275 2158 5354 promotionibus

121 5363 291 5430 docturum
323 5355 539 5448 habebantur,
576 5353 636 5416 sad
663 5353 738 5436 tago
769 5359 886 5432 attam,
913 5360 950 5413 ut
973 5369 1037 5413 rant
1066 5349 1224 5464 cifimus,
1256 5352 1490 5434 praescriptum
1514 5359 1600 5431 orat,
1629 5359 1665 5412 ut
1687 5351 1825 5434 singulis
1846 5357 2017 5424 mansibus
2042 5359 2158 5426 decla·

1548 5437 1624 5510 48*
