4906 5986
145 237 208 308 ror
305 231 761 328 srrsronannu,
802 234 1179 316 ronrcronuu
1211 232 1287 312 nr
1320 188 1721 322 scarrronou
1770 249 2007 336 nra-ru.
2106 265 2178 340 ros

142 403 394 499 grammatices,
428 407 519 480 alter
542 431 617 480 non
642 411 747 480 tenet.
814 401 923 496 Quod
946 407 976 476 si
1002 409 1051 478 ita
1072 429 1129 476 res
1153 403 1158 444 ¹
1182 419 1344 476 catarum
1377 422 1490 480 toturn
1521 425 1631 500 genus
1661 408 1857 490 humanum
1888 423 1932 492 ad
1959 427 2176 516 agnitionem

146 508 261 591 habet,
295 511 398 582 alteri
420 511 602 605 oportebit
626 511 779 607 proponi
803 526 986 602 praecepta
1012 533 1130 600 gram·
1178 504 1245 578 Dei
1269 523 1303 580 et
1326 511 1493 596 salutern,
1533 517 1787 606 propagatione
1812 523 1899 614 legis
1926 527 2018 598 inter
2040 545 2172 620 gentes.
2292 552 2300 564 ’

149 615 276 684 matites
298 613 498 688 ediscenda.
552 614 647 686 Haec
673 614 837 688 recitabit
853 635 955 687 ruane
969 628 1128 684 anteme·
1179 607 1297 684 liuius
1320 614 1408 684 tanti
1430 615 1547 702 operis
1569 619 1694 688 ducem
1710 623 1958 700 existimabant
1974 631 2049 701 fore
2065 631 2174 708 Chri·
2267 667 2270 674 ·

150 716 288 800 ridiana,
333 729 456 808 postea
499 731 669 810 erponet'
691 734 852 792 autorem
894 717 1128 812 propositum.
1178 727 1272 782 stum
1306 727 1340 784 et
1369 739 1432 806 pcr
1458 712 1649 806 Apostolos
1672 725 1956 800 constituendam
1982 757 2055 804 esse
2081 733 2172 810 hanc

150 819 235 888 Alter
247 817 308 910 qui
324 820 569 906 grammatices
584 822 719 910 peritus
733 823 838 892 etiam
857 835 1009 914 exponet
1024 831 1128 890 auto·
1177 815 1348 906 optimam
1375 817 1533 908 politiam
1558 833 1633 890 toto
1653 823 1740 896 orbe
1763 841 1947 904 terrarum.
2001 833 2171 912 Comitis

147 943 227 1002 rem,
248 921 307 988 sed
328 919 369 990 iu
387 921 600 992 declinando
617 937 652 994 et
669 925 893 1014 coniugando
913 937 1126 1004 exerceatur,
1177 914 1344 988 humanis
1367 943 1406 988 ac
1429 921 1583 1010 politicis
1600 923 1831 1014 opinionibus
1845 948 1979 1004 mentes
1998 939 2170 1027 plurimo·

145 1045 181 1088 ne
203 1020 449 1106 obliviscatur,
479 1011 551 1092 nisi
573 1026 664 1097 forte
687 1039 783 1096 tanta
808 1026 969 1095 doctrina
993 1039 1062 1108 est,
1087 1034 1133 1090 ut·
1177 1043 1255 1089 rum
1280 1021 1470 1092 fascinatas
1488 1037 1620 1103 essent,
1647 1023 1798 1112 Pacilus,
1825 1048 1865 1104 ut
1882 1029 1943 1102 has
1959 1042 2119 1112 tenebras
2137 1062 2171 1116 et

143 1145 276 1216 prorsus
306 1123 376 1193 ista
403 1125 535 1216 puerili
562 1127 813 1198 exercitatione
834 1123 927 1196 nihil
949 1150 1039 1218 opus
1062 1121 1125 1192 lra-
1176 1116 1268 1190 hane
1297 1123 1483 1210 caliginem
1515 1126 1687 1215 depellat,
1720 1135 1894 1219 ostendit,
1932 1137 2037 1228 longe
2070 1145 2169 1216 aliud

143 1225 224 1298 beat.
286 1221 528 1297 Grammatico
548 1241 788 1320 proponatur,
820 1253 926 1322 quam
950 1229 1049 1319 prius
1073 1217 1124 1320 [i]
1175 1245 1249 1294 esse
1276 1245 1408 1295 munus
1437 1228 1604 1314 promissi
1634 1229 1853 1318 liberatoris,
1886 1261 1992 1329 quam
2023 1246 2167 1332 politiae

143 1327 321 1396 audierunt
345 1351 576 1422 quaecunque
603 1346 666 1406 est.
726 1328 881 1402 Antores
904 1341 1124 1412 enarrentur,
1174 1320 1351 1395 humanae
1367 1328 1669 1404 constitutionem.
1708 1331 1952 1408 Noumissum
1970 1343 2167 1418 essechri-
2203 1403 2216 1416 .

141 1429 408 1522 quamprimum
423 1425 638 1513 Terentius,
665 1453 768 1526 quern
785 1431 960 1524 ediscant3
987 1433 1048 1500 sed
1066 1455 1124 1498 ca·
1173 1441 1288 1512 stum,
1313 1442 1354 1498 ut
1369 1427 1424 1496 lex
1439 1427 1532 1498 inter
1546 1446 1666 1518 gentes
1682 1452 1904 1526 propagetur,
1928 1455 1969 1534 nt
1985 1469 2076 1516 nova
2095 1445 2166 1518 lm-

140 1533 363 1616 reudumest,
390 1557 436 1602 ne
452 1549 646 1604 onerentur
661 1535 825 1624 nimium,
860 1533 953 1605 Satis
969 1548 1019 1602 est
1033 1557 1123 1626 quo·
1173 1530 1264 1620 perii
1285 1532 1402 1598 forma
1422 1532 1675 1636 constituatur;
1710 1538 1981 1632 relinquendam
2005 1571 2081 1618 eam
2102 1575 2166 1621 cu-

140 1633 216 1702 tidic
238 1635 360 1702 decem
378 1633 540 1704 Terentii
563 1659 683 1705 versus
706 1638 872 1710 ediscere.
925 1634 965 1706 Si
989 1645 1123 1702 norunt
1171 1629 1528 1720 ramesse-Regibus,
1554 1635 1615 1726 qui
1633 1641 1934 1732 tenentimperia,
1960 1650 2019 1717 sed
2040 1653 2165 1723 datum

141 1733 340 1805 Terentium
368 1751 483 1826 potest
509 1737 663 1830 proponi
691 1739 863 1808 aulularia
891 1730 1034 1805 Plauti.
1089 1732 1121 1804 A
1172 1755 1246 1802 esse
1263 1730 1397 1804 Filium
1411 1732 1497 1820 Dei,
1522 1749 1562 1806 ut
1584 1761 1621 1804 re
1642 1736 1716 1828 ipsa
1739 1742 1839 1810 tollat
1859 1763 2057 1833 peccatum,
2087 1755 2165 1843 pta.

145 1837 280 1928 prandio
322 1853 538 1910 enarrentur
575 1841 688 1934 aliqui
730 1863 851 1930 versus
887 1837 1046 1929 Virgilii,
1088 1849 1122 1912 et
1171 1847 1246 1904 cata
1265 1835 1316 1904 ira
1333 1833 1402 1904 Dei
1417 1851 1451 1908 et
1468 1853 1637 1922 mortem,
1670 1844 1986 1934 acreddatgeneri
2006 1847 2163 1926 humano

145 1941 288 2008 tradatur
320 1940 371 2008 eis
396 1939 562 2035 Syntaxis
592 1965 698 2036 quam
732 1967 805 2012 non
841 1941 1016 2024 ediscant,
1051 1937 1120 2005 nisi
1158 1949 1376 2027 ,perpetuam
1411 1939 1585 2008 iusticiam
1620 1953 1660 2034 et
1687 1941 1813 2028 vitam,
1848 1971 1954 2038 quarn
1985 1947 2043 2022 hic
2080 1981 2164 2030 voce

146 2043 234 2132 prius
250 2041 496 2135 etymologiam
512 2046 716 2114 memoriter
729 2044 933 2116 didicerint.
975 2041 1120 2112 lncon-
1172 2035 1356 2128 Evangelii
1373 2051 1406 2108 et
1421 2041 1504 2114 dato
1522 2039 1658 2132 Spiritu
1676 2059 1796 2116 sancto
1814 2043 1974 2120 inchoari
1991 2073 2163 2146 oporteat.

142 2144 298 2212 struendo
322 2159 539 2238 quaerantur
560 2147 720 2236 regulae,
745 2169 854 2240 quare
871 2146 933 2214 illa
947 2144 1060 2214 oratio
1076 2143 1121 2210 sit
1171 2138 1267 2210 Hae‘c
1293 2153 1344 2210 est
1367 2142 1539 2212 sententia
1563 2145 1856 2234 promissionum,
1891 2177 1980 2244 quae
2002 2160 2163 2244 patribus

141 2269 295 2334 congrua,
324 2260 389 2320 etc.
418 2247 522 2332 item,
542 2249 632 2340 quis
654 2249 699 2318 sit
721 2252 810 2335 ordo
827 2247 998 2318 orationis
1013 2261 1046 2315 et
1064 2245 1119 2314 di·
1171 2243 1273 2312 datae
1292 2257 1395 2322 sunt,
1420 2257 1453 2312 et
1476 2245 1713 2328 concionum,
1738 2273 1829 2339 quae
1846 2251 1886 2320 in
1905 2253 2086 2346 prophetis
2103 2285 2163 2332 ex-

144 2347 297 2420 erionum,
350 2345 1031 2440 Aprandio-singulishebdomarisdie
1051 2345 1120 2414 Ve-
1170 2357 1266 2414 stant
1289 2345 1332 2412 de
1356 2341 1511 2416 Christo.
1563 2345 1664 2418 Sicut
1682 2343 1805 2422 Esaias
1829 2353 1920 2424 clare
1941 2375 2041 2430 vocat
2056 2359 2163 2432 Clar-
2208 2353 2212 2360 „

144 2449 229 2517 neris
255 2462 287 2520 et
311 2447 458 2522 Saturni
483 2453 715 2542 interpretare
741 2453 905 2544 epistolas
926 2449 1120 2532 Ciceronis,
1170 2459 1264 2515 stum
1283 2458 1417 2536 patrem
1435 2461 1600 2518 aeternae
1615 2449 1720 2535 vitae,
1743 2465 1778 2522 et
1794 2451 1959 2528 ieremias
1975 2463 2043 2548 ait,
2068 2464 2161 2535 Sou-

139 2553 193 2620 sed
208 2551 385 2642 eligendae
399 2568 484 2626 sunt
497 2555 673 2629 faciliores
687 2569 722 2625 et
735 2555 977 2626 iucundiores.
1004 2551 1119 2622 Puero
1170 2561 1265 2618 ctum
1282 2548 1431 2628 Domini
1455 2573 1529 2618 non
1551 2551 1725 2622 evellatur
1745 2554 1783 2622 in
1806 2570 1999 2630 aeternum.
2054 2561 2099 2637 Et
2122 2569 2161 2638 in

142 2653 337 2742 imperitiori
354 2658 537 2746 prodesset
554 2681 752 2747 proponere
765 2655 950 2728 Catonem.
994 2651 1119 2722 Postea
1170 2644 1263 2720 Osea
1286 2651 1434 2722 dicitur:
1465 2645 1539 2720 Ero
1559 2667 1727 2724 morstua
1746 2679 1767 2724 ο
1786 2654 1905 2743 Mors,
1939 2685 1999 2732 ero
2023 2691 2162 2740 morsus

146 2753 267 2846 aliquid
283 2779 321 2824 ex
337 2757 527 2850 colloquiis
543 2755 692 2828 Erasmi.
720 2745 883 2830 Omnino
901 2758 1019 2826 omnis
1036 2779 1119 2824 cura
1168 2766 1252 2821 tuus
1273 2749 1425 2823 inferne.
1479 2751 1576 2822 llaec
1598 2777 1672 2824 non
1692 2757 1736 2826 de
1756 2757 1968 2832 liberatione
1985 2766 2082 2836 civili
2100 2787 2162 2842 aut

147 2857 329 2926 conferatur
351 2858 390 2927 in
415 2855 500 2944 boc,
527 2875 566 2930 nt
586 2863 738 2951 perfecte
762 2861 899 2930 discant
915 2857 1118 2947 grammati·
1169 2854 1213 2922 de
1238 2851 1402 2942 Imperiis
1425 2853 1611 2939 dicuntur,
1643 2858 1702 2926 sed
1726 2859 1770 2928 de
1791 2861 1899 2930 rebus
1920 2869 2088 2955 aeternis,
2116 2875 2161 2944 de

145 2983 232 3038 carn,
257 2961 346 3050 quod
364 2961 439 3030 fere
454 2963 641 3053 negligunt
657 2977 908 3054 praeceptores.
960 2957 1119 3048 Singulis
1169 2969 1310 3046 peccato
1328 2969 1363 3025 et
1378 2955 1430 3022 ira
1446 2951 1532 3037 Dei,
1559 2957 1603 3024 de
1617 2979 1712 3026 nova
1728 2973 1762 3028 et
1776 2964 1919 3052 propria
1939 2966 2034 3054 luce,
2057 2971 2160 3046 iusti-

143 3053 347 3130 hebdomatis
378 3087 467 3154 puer
499 3065 673 3134 eruditior
699 3066 754 3134 bi's
778 3067 909 3134 scribat
935 3061 1118 3154 epistolas3
1168 3057 1222 3126 cia
1237 3071 1272 3126 et
1284 3057 1356 3126 vita
1369 3057 1409 3124 in
1426 3056 1481 3139 iis,
1505 3057 1567 3150 qui
1582 3053 1716 3130 Christi
1730 3063 1951 3152 evangelium
1968 3072 2160 3162 accipiunt.

144 3162 278 3230 alterum
293 3166 401 3234 semel
415 3165 569 3238 scribere
584 3169 740 3236 fortassis
754 3167 839 3237 satis
857 3167 935 3236 erit.
988 3163 1119 3236 Assuc-
1168 3157 1239 3228 Sed
1258 3183 1298 3228 eo
1316 3171 1451 3228 mentes
1467 3152 1642 3230 bonanae
1658 3185 1733 3232 non
1747 3175 1840 3233 recte
1855 3166 2060 3261 intelligunt
2075 3199 2161 3266 pro.

148 3263 283 3336 faciendi
296 3280 376 3336 sunt
392 3267 499 3338 etiam
512 3293 592 3338 curn
611 3269 792 3340 videbitur
808 3283 1045 3361 oportunum,
1073 3266 1115 3334 ad
1169 3261 1354 3330 missiones
1375 3273 1409 3331 et
1434 3283 1564 3330 novam
1590 3259 1784 3352 iustitiam,
1817 3267 1900 3360 quia
1926 3295 2001 3342 non
2026 3295 2161 3350 norunt

149 3365 455 3444 versuafaciendog
560 3422 562 3426 ,
1168 3375 1367 3454 peccatum,
1399 3386 1463 3431 nec
1486 3363 1609 3434 vident
1634 3365 1724 3436 iram
1738 3363 1824 3451 Dei,
1856 3374 1917 3442 sed
1938 3376 2160 3452 arbitrantur

675 3547 677 3552 Ι
1168 3487 1242 3532 esse
1270 3465 1360 3534 levia
1383 3465 1475 3534 mala
1498 3478 1533 3535 et
1555 3465 1634 3534 tolli
1656 3491 1758 3555 posse
1779 3463 1935 3542 bumana
1961 3477 2161 3571 disciplina,

159 3569 454 3626 ·..-...-.-;.....
465 3615 1109 3630 ...,..........,.,..,..--.,......-..
1168 3559 1236 3634 boc
1260 3579 1311 3636 est
1331 3565 1471 3636 iusticia
1491 3565 1588 3655 legis.
1639 3563 1798 3660 Deinde,
1824 3595 1904 3644 cum
1922 3576 1960 3646 in
1977 3591 2073 3652 tanta
2090 3585 2160 3652 im-

1167 3667 1360 3738 becillitate
1388 3661 1575 3746 hominum
1606 3669 1709 3758 pauci
1742 3671 1918 3744 iusticiam
1949 3678 2035 3770 legis
2057 3708 2187 3774 prae--

154 3769 318 3852 Natogfi·
426 3803 432 3816 ·
966 3819 1017 3832 -.
1042 3818 1093 3832 -
1167 3783 1278 3852 stent,
1322 3769 1372 3838 sic
1402 3769 1626 3838 admirantur
1645 3769 1817 3861 legemet
1843 3776 2086 3869 disciplinam,
2120 3803 2161 3860 ut

164 3867 304 3899 ’ἢ
913 3911 915 3914 -
960 3876 1105 3900 “’““’
1167 3870 2003 3962 amentiamatvitaeperniciemcsseiudiccnt‚
2031 3888 2160 3960 dealia

262 3987 352 4098 (De
383 3989 557 4075 Mem
585 3991 768 4100 dmm.
797 3986 979 4098 regno.)
1073 4026 1075 4032 .
1166 3973 1304 4044 iusticia
1320 3972 1535 4056 concionari,
1559 3985 1622 4044 aut
1637 3974 1838 4048 latefactare
1855 4003 1983 4050 nervos
2000 3987 2160 4080 discipli-

1166 4099 1244 4150 nae.
1289 4071 1362 4144 Nec
1376 4089 1459 4144 v'ero
1474 4073 1702 4145 inficiandum
1719 4093 1787 4163 est,
1812 4103 1884 4150 rem
1901 4084 2051 4174 bonam,
2077 4095 2159 4182 pul-

208 4163 274 4234 tss²
284 4183 375 4238 apogr.
388 4165 417 4220 ³¹¹
430 4165 494 4222 ωδ·
508 4164 625 4222 serveo.
645 4185 673 4238 r·
689 4165 758 4236 ¹⁷⁰·r
776 4165 941 4240 staupum
957 4185 971 4220 ¹
986 4167 1030 4222 0¹·
1046 4165 1115 4220 ⁸³¹²·
1165 4172 1285 4246 cheam
1300 4189 1335 4246 et
1346 4175 1606 4266 suspiciendam
1620 4199 1695 4248 esse
1710 4179 1944 4272 disciplinam,
1963 4193 2024 4259 sed
2040 4205 2159 4265 tamen
2202 4257 2210 4269 .

233 4239 309 4292 Μ’*
1163 4279 1226 4348 ills
1249 4301 1324 4347 non
1345 4292 1429 4348 sunt
1450 4277 1679 4366 adfingenda,
1704 4281 1833 4369 placari
1856 4286 1945 4356 iram
1965 4285 2052 4374 Dei,
2079 4297 2159 4366 tolli

144 4404 256 4504 Qum
274 4405 442 4481 Messias
460 4409 666 4507 promissus
690 4407 844 4482 [udan-5
866 4420 898 4482 α
922 4405 1114 4498 Gangas,
1162 4389 1364 4498 peccatum,
1399 4379 1607 4469 recuperari
1648 4381 1757 4452 vitam
1796 4398 1974 4458 aeternam
2014 4395 2154 4467 iusticia

143 4522 172 4580 et
194 4537 281 4612 ponc
303 4511 354 4585 sit
379 4511 560 4584 sententia
586 4505 723 4582 harum
745 4511 1032 4610 promissionum
1053 4512 1114 4585 De
1162 4481 1261 4572 ΙΨ·

265 4623 563 4709 novor-egnuetc
585 4609 782 4686 secundnm
799 4609 975 4686 Paulum.
1165 4687 1173 4703 .
1236 4685 1278 4702 ..
1422 4685 1431 4702 .
1683 4685 1691 4702 ·
1999 4692 2008 4708 ·

394 4726 519 4809 aaa.
546 4727 845 4824 Melanthea
1162 4697 1302 4859 titt
1317 4689 2156 4872 ,bittitf‘atttstttttttttttt

143 4875 253 4959 ludaei
288 4888 566 4982 pertinacissime
605 4889 865 4960 contendebant
907 4915 981 4962 non
1014 4915 1114 4984 posse
1162 4903 1199 4960 et
1215 4877 1353 4958 refutet
1376 4910 1512 4958 errores
1536 4885 1715 4982 ludaicuts
1753 4891 1862 4962 “adli
1885 4892 2083 4970 d⁰⁰l¹5¹¹³¹¹¹
2109 4905 2154 4974 de

143 4991 260 5062 ,boleti
281 4993 415 5082 legem,
438 4989 546 5062 tantis
567 4990 747 5062 miraculis
768 4988 879 5064 aDeo
897 4993 1062 5064 traditam
1081 5008 1116 5064 et
1163 4995 1326 5084 peccato,
1351 4991 1395 5058 de
1408 4989 1496 5080 lege,
1521 4991 1565 5060 de
1579 4991 1717 5061 iusticia
1731 4989 1825 5076 fidei,
1848 4993 1964 5066 aliena
1980 5021 2000 5069 a
2014 5003 2156 5094 sapien-

142 5095 329 5180 defensam,
361 5089 426 5161 nec
453 5106 614 5184 poterant
637 5093 852 5182 intelligere,
884 5095 957 5165 ulla
980 5119 1019 5165 re
1046 5097 1113 5165 alia
1164 5093 1214 5165 tia
1231 5087 1408 5176 humana5
1439 5105 1757 5182 ¹¹08³¹P²⁰⁰²²¹¹¹¹¹2
1784 5091 1873 5166 inm
1891 5093 1979 5185 Dei,
2005 5119 2154 5176 'mmm

139 5197 240 5268 iustos
254 5219 326 5267 esse
340 5189 515 5279 homines,
532 5195 603 5263 nisi
618 5189 683 5263 hac
699 5191 936 5286 pulcherrima
945 5199 1115 5268 obedien·
1163 5193 1243 5266 tolli
1268 5189 1423 5264 humana
1448 5191 1646 5283 disciplina.
1698 5189 1809 5284 Negat
1825 5191 1989 5270 homines
2002 5203 2070 5292 legi
2086 5203 2154 5274 Dei

139 5299 201 5383 tia,
225 5322 330 5392 quarn
347 5297 402 5364 lex
418 5297 595 5388 proponit.
647 5291 801 5390 Ideoque
817 5300 1030 5390 promissum
1045 5301 1114 5370 sal·
1164 5296 1381 5380 satisfacere,
1405 5317 1487 5368 ΝΜ
1509 5295 1668 5385 ⁰Pf³f²⁸Si
1691 5311 1834 5388 l'cecato
1856 5293 2022 5370 histi‘m‘
2036 5305 2075 5370 ⁵¹¹
2090 5328 2154 5375 ¹¹³·

138 5415 289 5473 satorem
313 5399 498 5492 praecipue
520 5399 785 5471 arbitrabantur
802 5396 870 5472 hoc
887 5403 994 5474 modo
1011 5425 1115 5474 rero-
1163 5415 1242 5472 tura
1265 5405 1450 5490 perpetuas
1471 5396 1635 5566 tenebpap⁵
1655 5410 1689 5468 et
1712 5401 1971 5520 contumaciam
1986 5403 2155 5480 adversus

1265 4579 1350 4653 ideo
1367 4578 1601 4670 Evangelium
1618 4583 1663 4656 de
1679 4584 1747 4654 alia
1763 4585 1960 4678 placatione
1976 4603 2013 4662 et
2028 4593 2072 4661 de
2086 4595 2156 4668 alia

739 5735 756 5772 ἱ
