4884 5950
306 227 383 303 ιιι
884 219 1308 316 ouansmotsns
1341 187 1748 303 ecana-mean
2056 189 2062 194 ’
2254 215 2335 294 sss

306 399 423 476 nostri
443 396 522 473 lent
537 393 691 485 Christi,
711 396 905 484 discernis,
933 397 1128 493 praecipue
1148 401 1293 494 prodest
1346 425 1427 474 mus
1441 401 1557 496 loqui:
1581 397 1681 471 Haec
1698 397 1833 490 agnitio
1849 395 1917 468 filii
1930 417 1975 466 eo
1989 391 2186 465 neceuaria
2208 403 2281 476 est,
2299 405 2338 464 et

306 499 377 576 hue
391 513 546 572 mentem
562 514 666 595 atque
680 501 802 571 oculos
818 501 969 587 referre,
992 513 1098 596 teque
1118 497 1188 574 hoc
1215 503 1293 596 ipso
1318 554 1322 620 1
1346 519 1386 577 ιιι
1409 505 1485 576 lilio
1510 504 1692 576 tribuatur
1713 501 1856 574 debitus
1878 494 2014 583 honos,
2043 509 2081 568 et
2113 510 2155 568 ot
2179 493 2340 565 adamus

306 604 573 690 evidentissimo
589 603 791 693 testimonio
810 600 975 694 Apostoli
990 605 1134 676 munire
1149 629 1189 678 ae
1204 629 1293 676 con·
1318 623 1322 655 ¹
1346 631 1428 678 eum
1442 631 1525 678 vere
1541 606 1781 676 invocandum
1796 625 1891 688 esse,
1916 613 1952 672 et
1966 597 2136 672 exaudire
2157 597 2340 668 invocan-

306 709 459 780 firmare.
512 703 648 794 Quanti
663 729 747 775 vero
766 706 939 776 momenti
966 703 1029 792 sit,
1055 721 1090 778 et
1105 731 1213 802 quam
1236 732 1293 778 sa·
1345 723 1418 794 tes,
1449 723 1484 780 et
1519 710 1637 800 ipsum
1668 707 1817 778 missum
1843 727 1936 790 esse,
1969 717 2011 775 ut
2036 701 2244 772 immediate
2270 723 2340 794 pm

307 809 434 914 lutaris
462 807 648 900 explicatio
672 802 782 878 huius
811 809 1017 896 doctrinae,
1047 825 1294 906 quantumque
1345 812 1462 906 ipsum
1488 827 1630 883 aeterna
1654 805 1812 882 Ecclesia
1836 807 2043 898 colligatur,
2067 817 2231 896 regatur,
2256 823 2338 872 ser·

307 909 502 982 neccssaria
517 907 670 1002 inomni
686 933 767 980 vera
782 910 1025 998 invocatione,
1046 915 1242 984 ostendunt
1258 923 1293 984 et
1345 927 1469 1000 vetur,
1496 927 1531 986 et
1554 912 1724 984 advitam
1747 925 1927 984 aeternam
1945 931 1988 980 ex
2003 920 2119 978 morte
2135 917 2337 981 moretur.

307 1028 425 1084 vetera
448 1011 643 1084 certamina
670 1023 747 1084 orta
770 1037 810 1082 cx
835 1012 1189 1106 interpretationibus
1205 1015 1292 1084 alie·
1345 1014 1415 1086 Hie
1434 1041 1520 1088 usus
1539 1015 1722 1086 doctrinae
1739 1007 1848 1086 buius
1863 1010 2024 1106 quotidie
2048 1010 2088 1080 in
2104 1008 2339 1080 invocatione

308 1116 365 1184 nis
384 1115 576 1184 verborum
591 1110 775 1206 Apostoli,
802 1128 836 1184 et
856 1139 978 1186 recens
994 1113 1134 1188 Servcti
1156 1118 1292 1188 tumul·
1345 1119 1553 1210 cogitandus
1572 1133 1634 1192 est.
1686 1115 1759 1188 Nec
1776 1133 1860 1187 vero
1875 1114 1950 1186 ulla
1964 1135 2021 1184 res
2041 1111 2260 1203 cogitatione
2273 1109 2336 1184 di-

308 1231 384 1296 tus,
403 1237 482 1310 quo
499 1217 644 1290 turbare
658 1211 863 1288 Catholicae
878 1215 1057 1290 Ecclesiae
1079 1239 1290 1290 consensum
1344 1222 1449 1312 gnior
1466 1235 1537 1308 est,
1562 1243 1669 1315 quam
1690 1214 1975 1290 huius-mirandi
1995 1213 2171 1300 loedoria,
2202 1213 2336 1284 videli-

307 1319 456 1390 molitus
474 1333 537 1400 est.
595 1315 741 1390 Etenim
764 1315 882 1390 adhuc
909 1322 1096 1412 soperstlte
1118 1319 1291 1418 Apostolo
1345 1338 1399 1396 eet
1423 1323 1662 1417 copulationis
1684 1321 1829 1392 divinae
1853 1314 2093 1398 cthnmauae
2117 1329 2266 1390 naturae
2290 1315 2336 1386 in

308 1416 491 1511 Iohanne,
512 1419 661 1492 Hebion
676 1434 712 1492 et
727 1415 946 1494 Cherinthus
961 1425 1291 1510 contenderunt,in
1343 1423 1500 1500 Christo.
1553 1426 1625 1500 Sed
1643 1419 1769 1496 dehac
1791 1433 1889 1496 tanta
1912 1446 1970 1506 re,
1995 1443 2126 1516 quaeso
2145 1433 2188 1492 ut
2208 1417 2336 1510 topio—

237 1553 238 1556 ¹
306 1517 608 1594 Christotautum
633 1545 708 1596 esse
724 1518 917 1594 hurnanam
941 1539 1118 1598 naturam.
1170 1524 1291 1617 Quare
1343 1529 1417 1598 sios
1435 1521 2055 1611 dicatlleverendusvir,Dominua
2069 1514 2335 1596 DoctorGeor-

306 1627 353 1695 ab
365 1621 535 1696 Eccleaiis
553 1621 661 1696 Asiae
678 1640 822 1714 rogatus
839 1621 1037 1714 lohannes,
1061 1641 1102 1699 ut
1121 1629 1293 1702 refutaret
1342 1627 1430 1728 gius
1445 1625 1597 1718 Maior,
1617 1654 1723 1726 quem
1739 1642 1774 1700 et
1791 1641 1936 1722 propter
1951 1627 2063 1719 ipsius
2081 1625 2267 1704 virtutem,
2291 1636 2333 1694 et

307 1722 373 1798 hos
395 1728 554 1814 furores,
583 1728 701 1806 voluit
719 1725 906 1818 Evangelii
927 1731 1133 1803 narratione
1160 1733 1291 1825 scripta
1342 1747 1489 1826 propter
1512 1747 1694 1830 paternam
1717 1730 1930 1818 amicitiam,
1967 1728 2082 1820 diligo
2107 1741 2141 1800 et
2163 1747 2334 1800 veneror.

307 1843 425 1900 extare
450 1843 659 1922 perpetuum
689 1855 729 1900 ae
760 1831 1003 1902 firmissimum
1034 1834 1290 1919 testimonium,
1342 1833 1437 1912 Dixi.

307 1934 353 2001 ds
377 1933 517 2003 duabus
541 1931 683 2012 naturis
707 1933 747 2002 in
766 1933 841 2002 lilio
862 1929 948 2018 Dei,
980 1947 1066 2005 nato
1088 1959 1130 2006 ex
1152 1937 1291 2027 virgine
2226 1985 2234 1996 ·

228 2109 233 2116 ,
306 2031 436 2109 Maria.
486 2032 596 2124 Quod
613 2033 730 2126 ipsum
751 2047 871 2105 tamen
892 2035 1291 2127 postea'Samosatenns‚
1390 2075 1457 2146 ne,
1479 2078 1568 2148 m
1595 2075 1726 2146 39„
1772 2075 1810 2143 gg
1839 2073 2070 2144 pun-„gg
2130 2069 2288 2142 Mag,

305 2131 507 2220 Photinus,
525 2135 694 2218 Praxeas,
720 2148 755 2205 et
777 2137 838 2206 alii
861 2138 1006 2208 fanatici
1029 2153 1142 2211 astute
1163 2141 1290 2236 depra-
1454 2099 1479 2162 p
1736 2095 1944 2266 πηρώσω
2076 2123 2089 2162 ’

305 2261 390 2308 rare
410 2252 517 2332 atque
535 2238 680 2334 eludere
701 2239 819 2308 conati
840 2253 942 2325 snut,
974 2241 1203 2334 impudenter
1222 2246 1290 2314 lin-
1910 2271 1952 2321 f

306 2353 447 2430 gentes,
474 2334 589 2440 λόγων
608 2363 683 2410 nou
705 2341 903 2432 siguificare
924 2336 1203 2440 ὑφιστάμενον,
1227 2369 1290 2418 seu
1392 2339 1398 2350 ’
1417 2335 1652 2410 Verissimum
1671 2351 1722 2410 est
1739 2339 1835 2433 quod
1847 2326 1958 2424 nnis,
1980 2323 2332 2432 carissimeCaspor,

306 2439 505 2513 subsistens
515 2443 640 2521 vivum
652 2465 693 2512 ao
708 2444 914 2516 distinctum
931 2469 951 2515 a
965 2444 1091 2528 Patre,
1116 2449 1176 2518 sed
1192 2451 1291 2539 cogi·
1341 2443 1480 2514 nullani
1502 2449 1577 2512 rem
1593 2439 1808 2532 cogitatione
1823 2441 2024 2532 digniorem
2045 2460 2141 2522 csse,
2166 2435 2331 2506 conside-

306 2545 476 2617 tationem
503 2559 788 2632 evanescentem,
819 2570 884 2616 seu
910 2549 1132 2641 propositum
1161 2548 1291 2634 Patris,
1341 2545 1480 2617 ratione
1514 2543 1580 2614 lilii
1613 2543 1700 2626 Dei,
1735 2555 1771 2616 et
1795 2538 1864 2613 hoc
1888 2541 2052 2612 mirando
2073 2539 2227 2610 consilio
2250 2537 2332 2622 nei,
2430 2539 2431 2544 ’

307 2669 382 2718 non
408 2647 616 2720 distinctum
639 2645 810 2741 aPatre,
845 2673 911 2719 nec
940 2675 1004 2744 per
1026 2673 1064 2722 se
1086 2653 1292 2740 subsistens,
1341 2650 1439 2744 quod
1462 2645 1576 2718 lilium
1600 2649 1646 2716 ad
1666 2641 1861 2716 Ecclesiam
1885 2644 1996 2714 misit.
2050 2639 2125 2713 Nee
2146 2667 2232 2711 vcro
2258 2641 2331 2710 ulla
2430 2679 2431 2686 ι

306 2749 370 2818 sed
389 2749 539 2820 velutin
554 2744 752 2821 Architecti
767 2765 885 2846 mente
900 2752 1077 2824 lucentem
1094 2755 1208 2825 ideam
1231 2757 1292 2828 fu·
1341 2773 1398 2824 res
1421 2751 1492 2842 piis
1519 2749 1731 2841 ampliorem
1762 2761 1800 2820 et
1823 2747 2022 2820 dulciorem
2049 2744 2330 2815 consolationem

306 2852 379 2922 ruri
402 2851 519 2945 operis
544 2852 784 2924 mariandina
807 2856 1053 2932 conservandi,
1104 2855 1202 2928 Haec
1223 2859 1292 2929 im.
1343 2853 1475 2935 adfert,
1502 2875 1608 2946 quam
1625 2845 1711 2922 haee
1727 2851 1802 2944 ipsa
1819 2849 1986 2941 cogitatio
2003 2849 2048 2918 de
2064 2846 2139 2918 lilio
2154 2843 2236 2931 Dei,
2250 2846 2331 2940 quis

307 2952 367 3046 pia
380 2955 580 3046 corruptela
598 2955 739 3026 levibus
763 2956 916 3048 ingeniis
940 2972 976 3029 et
999 2972 1085 3030 tunc
1101 2975 1199 3050 grata
1213 2963 1293 3044 luit,
1341 2957 1408 3040 sit,
1434 2977 1498 3028 cur
1521 2951 1649 3024 missus
1674 2953 1738 3039 sit,
1765 2977 1855 3048 quae
1876 2951 2040 3022 sinteius
2058 2947 2202 3042 propria
2219 2949 2332 3020 bene-

307 3069 343 3126 et
358 3079 456 3128 nune
469 3070 615 3150 propter
631 3055 906 3130 concinnitatem
919 3062 1041 3132 multis
1060 3063 1256 3139 blanditur.
1342 3055 1439 3144 ficia,
1464 3077 1555 3150 quae
1580 3057 1625 3125 de
1645 3055 1722 3147 ipso
1744 3055 1874 3128 tradita
1893 3049 1970 3130 ,sint
1989 3051 2206 3126 testimonia.
2256 3048 2329 3122 Sit·

409 3157 481 3230 Sed
497 3173 550 3230 est
565 3159 604 3246 in
618 3159 696 3253 ipsa
711 3162 803 3231 serie
825 3163 1042 3234 narrationis
1056 3162 1294 3257 apudlobau-
1342 3183 1412 3256 que
1433 3183 1475 3230 eo
1499 3156 1606 3228 uobis
1626 3157 1762 3249 gratior
1784 3151 1872 3230 hace
1897 3155 2085 3250 cogitatio,
2109 3165 2150 3224 ut
2164 3151 2329 3223 diabolos

308 3281 391 3329 nem
405 3262 631 3332 manifestum
646 3276 681 3332 et
696 3263 843 3334 evidens
862 3265 1126 3350 testimonium,
1145 3291 1217 3362 quo
1234 3292 1293 3337 re·
1341 3261 1500 3334 furentes
1514 3261 1598 3330 odio
1616 3258 1682 3330 lilii
1703 3259 1936 3354 repellamus,
1962 3257 2026 3353 qui
2052 3252 2120 3328 boc
2141 3256 2327 3348 praecipue

307 3361 414 3431 tundi
437 3386 478 3432 ac
499 3363 657 3433 refutari·
681 3364 829 3435 istorum
853 3366 979 3436 deliria
1006 3369 1190 3460 perspicue
1211 3393 1294 3463 pos-
1342 3379 1451 3456 agunt
1472 3363 1511 3432 in
1534 3363 1699 3432 maximis
1720 3361 1991 3434 confusionibus
2015 3357 2152 3450 generis
2168 3351 2324 3438 hnmani,

308 3477 403 3536 sunt.
455 3461 569 3550 Addit
589 3465 687 3535 enim
714 3469 758 3538 cle
782 3462 942 3541 Christo:
978 3467 1022 3539 ln
1044 3473 1179 3543 mundo
1208 3486 1294 3558 erat,
1342 3481 1382 3540 ut
1405 3461 1541 3538 Christi
1565 3463 1734 3536 noticiam
1758 3467 1919 3550 deleant,
1952 3476 1987 3532 et
2007 3457 2234 3532 contumelias
2256 3459 2323 3524 ad-

310 3577 345 3635 et
359 3569 517 3638 mundus
531 3567 722 3660 peripsum
739 3570 851 3641 lactus
868 3585 938 3656 est3
965 3573 1060 3667 quod
1076 3575 1122 3643 de
1137 3571 1293 3646 humana
1342 3592 1465 3640 versus
1484 3591 1566 3638 eum
1591 3567 1788 3639 cumulent.
1840 3557 1892 3638 lta
1914 3565 2020 3636 initio
2045 3563 2133 3635 inter
2148 3553 2322 3632 Ethnicos

306 3679 436 3740 natura
458 3681 637 3763 assumpta
664 3693 706 3741 ex
732 3671 872 3764 virgine
898 3675 1041 3768 proprie
1073 3677 1186 3768 accipi
1219 3699 1293 3748 non
1342 3672 1492 3742 extincta
1517 3683 1568 3740 est
1589 3669 1650 3740 lux
1671 3667 1938 3762 promissionis,
1968 3681 2003 3740 et
2026 3665 2064 3736 in
2093 3665 2171 3755 ipso
2192 3661 2325 3756 populo

177 3811 181 3818 '
306 3783 433 3862 P⁰tese
479 3767 485 3794 ¹
1344 3771 1470 3872 lsraiil,
1495 3795 1576 3843 cnm
1591 3769 1714 3842 Patres
1730 3785 1764 3842 et
1779 3767 1980 3864 Prophetae
2000 3781 2036 3840 et
2059 3767 2173 3862 aliqui
2197 3765 2249 3859 pii
2271 3787 2327 3833 re-

410 3871 560 3945 Necesss
593 3888 645 3946 est
667 3874 779 3967 igitur
811 3873 1096 3949 constantissime
1128 3879 1293 3971 amplecti
1343 3891 1396 3947 cte
1413 3889 1661 3968 agnoscerent,
1685 3873 1912 3954 invocarent,
1940 3885 1974 3944 ct
1991 3871 2215 3941 celebrarent
2231 3863 2326 3937 Mes-

308 3975 542 4062 ssntentiam,
567 3979 663 4071 quod
679 3979 718 4047 in
734 3974 879 4051 Christo
891 3979 937 4052 sit
957 3993 991 4050 et
1006 3995 1149 4051 maneat
1165 3995 1292 4052 natura
1342 3979 1449 4064 siam,
1475 3992 1595 4049 tamen
1622 3971 1804 4046 Pharisaei
1827 3991 1862 4048 et
1883 3975 1944 4045 alii
1962 3974 2072 4066 ‚impii
2094 3974 2225 4042 amissa
2251 3969 2326 4040 luce

309 4076 451 4160 divina,
485 4079 663 4150 conditrix
684 4105 765 4151 cum
789 4079 914 4166 Patre,
946 4083 1047 4176 quasi
1072 4083 1293 4154 deliberante
1341 4080 1608 4174 promissionis,
1633 4101 1736 4148 veros
1757 4073 1912 4150 honores
1927 4071 2073 4149 Christo
2085 4076 2327 4146 detraxerunt.

310 4201 390 4248 cum
405 4175 553 4251 Filioet
566 4194 760 4268 statuente,
785 4184 829 4262 de
844 4209 915 4278 qua
937 4186 1068 4256 diserte
1088 4185 1210 4256 dieitz·
1244 4184 1294 4258 Et
1342 4179 1394 4256 lta
1418 4197 1538 4276 postea
1561 4181 1824 4252 illustrantibus
1843 4177 2026 4273 Apostolis
2048 4201 2168 4248 veram
2195 4175 2326 4247 doctri·

309 4271 507 4378 erattdyoc
528 4284 623 4374 apud
638 4279 767 4360 Deum.
819 4283 926 4360 Item:
949 4285 1108 4358 Verbum
1131 4293 1214 4359 caio
1239 4290 1293 4359 la·
1341 4311 1444 4384 nam,
1468 4279 1609 4369 Ebion,
1633 4277 1875 4368 Cherinthus,
1896 4297 1930 4354 et
1944 4283 2110 4374 deinceps
2127 4278 2236 4365 multi
2252 4277 2323 4348 bla-

309 4395 404 4454 ctum
421 4395 490 4468 est,
515 4383 554 4454 id
580 4398 649 4464 est,
675 4409 750 4458 non
770 4385 952 4460 Poterant
969 4387 1125 4482 Spiritus
1139 4405 1293 4479 sanctus,
1341 4383 1518 4482 sphemias
1533 4399 1752 4478 sparserunt,
1775 4387 1890 4456 donec
1904 4383 2102 4458 diabolicae
2116 4381 2235 4452 furiae
2247 4377 2326 4450 Ma·

309 4485 371 4554 sed
393 4476 504 4585 λόγος
522 4479 722 4580 ὃμοούσιος
743 4501 778 4561 et
800 4504 1007 4562 coaeternus
1025 4507 1168 4565 aeterno
1182 4492 1291 4569 Patri.
1341 4487 1498 4576 hometi‚
1524 4487 1689 4580 dogmate
1703 4501 1739 4560 et
1750 4489 1858 4558 armis
1872 4487 2074 4559 doctrinam
2094 4486 2140 4556 de
2158 4483 2236 4554 tilio
2262 4479 2327 4556 Dei

307 4583 389 4656 Huc
411 4588 653 4680 adiungantur
672 4605 708 4663 et
726 4591 857 4662 similia
871 4593 1063 4666 certissima
1078 4597 1292 4681 testimonia,
1340 4595 1379 4664 in
1412 4611 1540 4683 magna
1573 4605 1674 4683 parte
1714 4591 1853 4682 generis
1883 4585 2054 4670 humani,
2104 4587 2328 4658 deleverunt.

310 4701 350 4758 ut
364 4686 587 4762 Colossenscs
603 4694 735 4785 primo:
762 4689 899 4766 Omnia
924 4719 987 4789 per
1009 4697 1125 4789 ipsum
1148 4699 1291 4770 condita
1342 4695 1459 4788 Papa,
1476 4689 1666 4779 Monaehi‚
1682 4705 1717 4764 et
1729 4693 1835 4766 multi
1845 4693 2052 4786 scriptores,
2071 4689 2212 4763 etiamsi
2221 4687 2328 4784 Sym-

309 4803 411 4872 sunt,
426 4806 462 4864 et
476 4793 551 4886 ipse
568 4809 621 4866 est
636 4809 718 4867 ante
735 4798 874 4884 omnia,
894 4801 1086 4895 omniaque
1100 4823 1164 4890 per
1174 4799 1290 4891 ipsum
1341 4797 1515 4870 bolanon
1528 4795 1754 4882 deleverunt,
1780 4810 1900 4868 tamen
1914 4797 1959 4866 de
1974 4793 2155 4866 beneficiis
2171 4791 2240 4862 lilii
2253 4789 2329 4872 Dei,

309 4891 516 4970 consistunt.
568 4893 615 4968 Et
632 4893 758 4969 Iohan.
773 4898 810 4971 d.
827 4901 944 4994 inquit
959 4898 1152 4972 Dominus:
1178 4897 1291 4973 Ante·
1340 4899 1437 4972 etde
1453 4899 1529 4970 cius
1547 4898 1773 4969 invocatione
1788 4909 1970 4970 nourecte
1990 4899 2204 4969 docuerunt.
2259 4891 2327 4966 sed

309 5017 415 5088 quam
447 4991 631 5068 Abrabam
665 5016 891 5088 nasceretur,
928 5025 991 5094 ego
1020 5027 1109 5077 sum.
1167 5003 1292 5094 Quid?
1338 5003 1429 5074 vivit
1451 5001 1545 5074 lilios
1562 4999 1650 5081 Dei,
1682 5015 1717 5072 et
1738 5002 1913 5096 serpentis
1933 5013 2039 5094 caput
2061 4999 2270 5077 conculcat,
2295 5007 2328 5064 et

307 5097 405 5190 qnod
431 5098 534 5168 toties
560 5103 733 5194 scriptura
758 5098 855 5176 hunc
873 5103 1098 5196 unigenitum
1128 5107 1243 5178 lilium
1269 5133 1289 5178 a
1338 5105 1579 5190 conculcabit,
1603 5127 1643 5186 ac
1660 5101 1815 5200 aliquam
1829 5101 2025 5174 Ecclesiam
2042 5123 2181 5194 semper
2203 5099 2246 5170 in
2270 5117 2323 5190 ge·

307 5199 391 5268 filiis
424 5201 626 5290 adoptionis
656 5206 853 5278 discernit?
885 5221 926 5278 ut
957 5205 1144 5280 convineat
1176 5211 1289 5302 ipsam
1338 5231 1425 5277 nere
1442 5203 1599 5278 humano
1620 5219 1753 5290 servat,
1780 5206 1838 5276 coi
1861 5205 1945 5300 quia
1971 5229 2037 5276 nos
2062 5227 2206 5300 quoque
2230 5201 2324 5272 inse·

304 5296 440 5374 Christi
463 5295 672 5378 ὑπόστασιν
693 5331 767 5378 esse
789 5309 968 5394 divinam,
994 5324 1029 5380 et
1052 5311 1227 5403 integram
1249 5337 1290 5383 ac
1339 5310 1432 5394 ruit,
1447 5310 1621 5380 laetemur
1635 5308 1712 5380 eins
1727 5307 1910 5393 beneficio,
1925 5309 2003 5378 etei
2021 5307 2152 5398 gratias
2168 5323 2324 5396 agamus.

303 5403 570 5478 substantialem
587 5407 777 5499 imaginem
790 5410 906 5484 Patris
927 5415 973 5484 ad
997 5413 1109 5502 intra,
1134 5431 1175 5488 ut
1197 5415 1289 5487 sole-
1312 5432 1315 5494 ι
1341 5411 1489 5486 Utinam
1514 5427 1631 5484 autem
1651 5435 1788 5504 possem
1809 5411 1854 5482 de
1876 5406 1944 5482 hae
1958 5409 2165 5504 quaestione
2186 5405 2326 5478 medb-
