4896 5974
308 231 384 312 52³

311 409 376 482 llle
394 406 461 480 iter
474 401 650 476 incertum
670 398 760 469 vitae
776 390 1042 477 moderabitur,
1067 402 1185 488 atque..

362 510 506 582 Muniet
521 509 689 577 adversus
705 512 828 571 cuncta
847 495 978 590 pericla
994 494 1086 586 pios.

310 611 512 687 Consilium
529 629 666 699 semper
680 605 741 672 dat
758 613 893 672 rectum
909 621 1012 690 posse
1027 597 1161 680 videre,

364 715 512 804 Semper
526 729 722 781 successum
738 701 999 794 consiliumque
1012 699 1121 768 iuvat.

315 817 430 891 Multa
447 815 546 886 iubet
564 810 719 902 perferre
734 806 831 898 pios,
856 825 981 872 verum
998 800 1074 892 ipse
1089 797 1264 870 secundus

365 917 527 990 Eventus
543 910 646 984 dubii
660 907 833 999 temporis
848 925 921 973 esse
932 902 1031 975 lacit.

182 1103 186 1108 ,
314 1020 364 1095 Et
376 1033 470 1107 nete
484 1016 734 1086 sceleratorum
750 1005 912 1094 contagia
930 1005 1086 1088 laedant,

365 1122 447 1194 Nun
462 1119 540 1209 opis
553 1113 709 1186 hnmana
726 1125 779 1180 est
793 1109 946 1197 effugere
960 1105 1043 1190 illa,
1067 1115 1177 1176 cavet.
1203 1175 1205 1178 ,

207 1263 211 1272 ’
315 1226 428 1316 lmpia
443 1245 489 1291 ne
505 1231 660 1288 mentem
677 1213 871 1284 accendant
885 1207 1044 1300 exempla
1060 1206 1237 1276 malorum

366 1323 557 1397 Doctrinae
573 1330 725 1388 noceant
740 1335 829 1384 neve
843 1333 980 1380 venene
996 1307 1074 1381 tibi.

314 1426 372 1500 En
390 1453 435 1498 ne
451 1447 582 1494 vesano
599 1417 706 1489 scorti
723 1413 873 1507 capiaris
887 1434 1019 1494 amore,

369 1523 572 1602 Scortantes
585 1523 707 1614 perdet
725 1516 877 1588 vindicis
894 1514 947 1584 ira
963 1511 1043 1585 Dei.

318 1632 395 1704 Hos
411 1628 569 1699 monitus
584 1623 722 1706 audite,
747 1620 827 1712 pios
841 1619 936 1686 bona
951 1613 1100 1682 numina
1118 1623 1272 1695 servant,

260 1726 268 1738 ’
369 1731 418 1806 Ar
432 1733 540 1800 iustas
557 1747 687 1818 poenas
699 1722 807 1814 impia
821 1719 927 1790 turba
944 1714 1053 1786 dabit.

725 1891 824 1975 Caput
849 1885 909 1952 Ill.

317 2039 372 2111 Ne
388 2051 421 2108 te
436 2054 544 2126 parve
558 2048 649 2120 puer
662 2020 804 2111 capiant
819 2014 951 2086 oblivia
968 2013 1066 2101 legis,

373 2137 474 2227 Quae
491 2133 584 2202 clara
600 2122 729 2196 summi
746 2120 884 2213 prodita
902 2139 987 2186 voce
999 2113 1066 2185 Dei
1082 2128 1144 2185 est.

323 2241 457 2310 Verum
473 2231 634 2321 insculpe
648 2239 710 2295 tuo
726 2221 826 2294 cordi
840 2216 1058 2290 sanctissima
1074 2219 1181 2298 iussa,

374 2341 430 2414 Sit
442 2357 543 2405 mens
558 2329 680 2402 divina
699 2324 830 2415 scripta
847 2319 975 2406 tabells
990 2343 1110 2393 manu.

323 2444 384 2516 Sic
399 2439 466 2512 tibi
483 2433 691 2519 contingent
704 2425 908 2515 longissima
925 2422 1090 2512 tempora
1100 2422 1194 2492 vitae

375 2531 725 2630 Placatusquedabit
739 2527 891 2596 maxima
908 2523 1003 2592 duna
1018 2520 1125 2597 Deus.
1142 2621 1144 2628 s
1262 2529 1266 2536 “

326 2647 370 2719 ln
384 2642 505 2714 dubiis
517 2657 702 2729 nunquam
718 2627 830 2703 deerit
843 2625 1031 2718 prudentis
1045 2626 1161 2710 rebus,

376 2745 424 2819 Et
437 2745 533 2816 Deus
549 2750 714 2820 eventus,
739 2729 999 2820 consiliumque
1015 2742 1123 2816 reget.

324 2849 411 2924 Esse
425 2845 501 2917 Deo
517 2864 619 2914 curae
637 2852 671 2909 te
685 2833 819 2905 credito
837 2843 979 2924 pectore
993 2841 1080 2902 toto.

375 2947 562 3023 Auxilium
576 2943 689 3022 vitae,
713 2959 818 3029 posce
833 2933 962 3016 modo,
988 2930 1050 3000 ille
1067 2931 1167 3005 leret.

327 3051 427 3126 Auro
441 3071 523 3142 pars
535 3038 870 3122 hominumlidunt,
896 3033 1086 3124 prudentie
1101 3031 1223 3103 multis

377 3153 526 3224 Securos
542 3147 680 3214 animos
694 3137 819 3210 tollere
836 3158 925 3203 vana
943 3135 1042 3204 solet.

328 3253 399 3326 Sed
415 3267 454 3323 tu
471 3246 629 3318 consiliis
644 3264 689 3309 ne
704 3241 773 3308 lide
788 3237 875 3320 tuis,
899 3233 996 3304 Deus
1013 3234 1075 3304 illa

290 3405 292 3410 ,
379 3353 523 3423 Arbiter
536 3361 571 3418 et
583 3345 714 3414 vindex
728 3339 828 3408 irrita
843 3358 944 3426 saepe
958 3335 1054 3409 lacit.

329 3451 512 3550 Quicquid
528 3469 624 3540 ages,
646 3443 758 3536 petito
773 3437 871 3510 Deus
885 3450 927 3507 ut
942 3451 977 3508 te
990 3436 1060 3506 rite
1073 3434 1258 3540 gubernet,

334 3625 336 3630 ,
380 3557 527 3646 Semper
540 3549 635 3621 enim
653 3565 790 3637 gressus
804 3541 854 3608 sic
864 3555 960 3630 reget
975 3539 1037 3609 ille
1053 3553 1146 3611 tuos.

329 3657 489 3750 Decipiet
501 3655 608 3724 fallar
623 3664 683 3720 tua
697 3661 731 3717 te
744 3642 936 3734 sapientia,
960 3664 1147 3736 nunquam

381 3757 518 3850 ingenii
532 3757 619 3825 lidas
633 3751 769 3820 viribus
783 3746 858 3836 ipse
872 3743 936 3814 tui.

328 3860 377 3934 Et
393 3886 468 3931 non
483 3857 621 3928 eveniet
638 3847 807 3946 quicquid
823 3842 1026 3938 promiserit
1040 3841 1113 3926 illa,

380 3962 494 4034 Nuria
511 3971 595 4031 sunt
611 3969 644 4032 et
659 3977 748 4047 qnae
763 3948 906 4040 profore
923 3969 1025 4037 saepe
1039 3955 1152 4035 putes.

332 4065 429 4155 Quid
444 4063 519 4132 lieri
535 4073 673 4132 tantum
686 4051 898 4146 properabas
913 4045 1005 4118 Cora
1020 4045 1192 4128 sacerdus,

383 4163 514 4235 Attulit
529 4160 675 4230 exitium
691 4179 773 4224 nam
790 4151 858 4221 tibi
870 4163 992 4239 raptus
1005 4142 1133 4216 honos.

254 4285 262 4310 ⁸
332 4267 432 4358 Quae
441 4263 654 4338 iussitDeus,
670 4253 900 4326 haectantum
909 4250 1095 4341 faciasque,
1109 4248 1317 4340 probesque,

382 4367 454 4458 Qui
471 4367 571 4435 timet
587 4357 689 4440 haee,
714 4355 825 4445 fugiat
841 4367 974 4423 caetera
989 4363 1113 4421 cuneta
1130 4349 1266 4442 procul.

329 4471 430 4560 Felix
448 4469 507 4537 ille
523 4465 588 4536 Dei
603 4461 663 4556 qui
678 4455 922 4528 formidaverit
938 4454 1038 4538 iram,

381 4575 464 4644 Nun
478 4573 621 4640 fortuna
636 4563 705 4655 piis
719 4583 819 4628 saeva
838 4580 964 4626 nocere
978 4567 1103 4644 potest.

331 4663 510 4746 Primitiae
525 4671 665 4756 frugum
679 4659 800 4752 gennit
815 4681 901 4752 quas
911 4657 1041 4727 fertilis
1058 4677 1184 4740 annus,

382 4776 533 4848 Munera
551 4765 691 4840 coelesti
708 4761 825 4832 debita
839 4761 948 4830 redde
963 4759 1067 4852 patri.
1136 4839 1140 4844 Ι

333 4875 380 4948 Et
395 4879 527 4955 danaim
545 4895 617 4942 esse
633 4866 700 4938 Dei
715 4863 856 4934 fatearis
873 4876 1012 4953 pectore
1026 4871 1138 4948 grato,

383 4977 524 5048 Semina
540 4973 634 5067 qnod
651 4989 778 5056 magno
793 4965 937 5034 foenore
951 4961 1069 5031 reddit
1086 4981 1180 5048 ager,

332 5079 387 5152 Ne
400 5100 492 5166 seges
506 5077 622 5144 eludet
636 5093 784 5140 messem
800 5065 985 5136 fallacibus
1000 5058 1132 5165 herbis,

246 5249 248 5254 Α
372 5179 461 5272 lpse
476 5201 542 5266 ope
560 5172 699 5244 coelesti
715 5168 848 5240 semina
864 5167 954 5236 laeta
970 5165 1076 5238 fovet.

332 5283 406 5354 Has
424 5293 558 5350 tanturn
574 5276 696 5342 laudas
712 5272 780 5342 sibi
795 5269 867 5339 dici
885 5267 996 5360 puscit
1011 5270 1055 5336 ad
1075 5287 1163 5354 aras,

384 5381 530 5469 Gratior
543 5371 601 5448 ltic
616 5371 814 5457 bonusest,
842 5394 948 5465 quant
960 5372 1042 5442 data
1058 5363 1163 5439 thura
1177 5365 1264 5441 Deo.
1320 5459 1324 5468 1

1042 209 1384 296 ΕΑΒΜΙΝῸΜ
1424 215 1531 296 tttt.
1556 215 1612 298 ll.

2226 239 2239 251 ⁸
2269 211 2346 290 888

1355 393 1496 465 Partem
1513 391 1668 486 aliquam
1682 401 1801 461 tamen
1816 399 1850 458 ct
1863 407 2005 480 premas
2020 384 2058 456 in
2076 381 2348 478 pauperisusus.

1406 494 1510 566 Certa
1527 493 1759 566 Sacerdotum
1775 513 1858 584 pars
1872 512 2014 584 quoque
2029 487 2153 558 messis
2167 489 2247 564 erit.

1356 597 1415 672 stc
1430 597 1498 667 tibi
1513 595 1636 665 divino
1653 591 1831 663 vindemia
1849 615 1995 662 munere
2008 591 2147 676 fundet,

1408 698 1524 772 Uvida
1540 700 1584 768 de
1599 697 1706 789 pleno
1724 695 1860 765 fervide
1876 707 1991 782 musta
2005 691 2097 763 lacu.

1357 799 1398 873 Si
1411 796 1503 870 mihi
1518 798 1697 892 parueris,
1723 811 1757 867 et
1770 797 1916 869 vincent
1931 789 2058 864 horrea
2072 813 2213 880 messes,

1408 900 1456 974 Et
1469 925 1566 992 seges
1581 901 1620 970 in
1636 899 1761 992 pingui
1775 897 1970 970 luxuriabit
1983 892 2114 983 humo,
2136 909 2204 968 etc.
2250 907 2253 914 ’

1370 1241 1437 1316 No.
1453 1237 1517 1314 84.

1366 1333 1538 1368 Μ

1420 1438 1452 1494 lu
1467 1453 1533 1510 opp.
1548 1435 1611 1490 Bas.
1624 1433 1658 1492 Τ.
1667 1433 1703 1492 V.
1716 1453 1744 1508 p.
1753 1431 1815 1490 849.
1830 1443 1857 1490 st
1870 1433 1942 1507 apud
1956 1431 2037 1489 Vtro.
2051 1450 2078 1506 p.
2086 1433 2148 1488 211.

2028 1311 2031 1316 .
2160 1241 2227 1324 (m-
2240 1233 2350 1325 ¹⁵²2)

2171 1331 2342 1362 Μ

1451 1657 1454 1662 ,
1549 1571 1973 1670 σαηῐίσαῦαπῐὶοονιιω
1995 1601 2113 1687 ceput
2133 1599 2165 1670 1.

1361 1726 1496 1800 Crebra
1511 1751 1594 1798 suae
1608 1722 1646 1825 ⁴⁵)
1663 1726 1839 1800 Dominus
1856 1742 1978 1799 noster
1991 1730 2052 1799 dat
2064 1729 2161 1800 basia
2177 1730 2282 1820 genti,

1413 1828 1462 1900 Et
1476 1832 1551 1920 figit
1567 1831 1677 1900 labris
1691 1833 1811 1905 oscula
1826 1833 1957 1900 blanda
1974 1831 2057 1904 suis.

1362 1933 1524 2026 Namque
1539 1947 1622 2003 tuus
1637 1933 1738 2003 levor
1752 1947 1804 2003 est
1820 1934 1926 2003 nobis
1943 1933 2135 2003 iucundior
2147 1957 2241 2004 unns

1416 2034 1534 2124 Quam
1552 2037 1645 2106 bona
1662 2058 1752 2129 quae
1767 2057 1868 2105 curas
1882 2035 2013 2127 pellere
2027 2035 2111 2106 vina
2127 2037 2250 2112 solent.

1364 2134 1455 2208 Cum
1472 2138 1576 2206 nobis
1593 2139 1741 2208 verbum
1756 2138 1964 2223 donaveris,
1986 2125 2260 2232 undiquesecus

1414 2237 1581 2309 Nominis
1595 2239 1634 2307 in
1647 2251 1767 2330 gentes
1783 2240 1959 2332 spargitur
1972 2239 2046 2330 ipsa
2063 2240 2127 2314 tui.

1364 2339 1469 2412 Nunc
1484 2341 1592 2429 igitur
1608 2341 1712 2411 multi
1728 2343 1828 2410 verbi
1842 2355 2047 2411 recreantur
2060 2343 2181 2428 odore,

1416 2441 1464 2512 Et
1481 2455 1615 2514 norunt
1630 2443 1733 2512 multi
1749 2456 1784 2514 te
1800 2457 1919 2534 pater,
1945 2457 2050 2537 atque
2067 2445 2199 2517 colunt.

1366 2543 1567 2616 Accurrunt
1582 2559 1615 2614 et
1632 2559 1666 2615 tc
1681 2545 1830 2636 cupiunt
1846 2545 1986 2617 novisse
2002 2545 2149 2637 puellae,

1409 2645 1511 2716 Haec
1529 2647 1625 2716 verbi
1642 2647 1802 2737 fragrans
1818 2647 1957 2736 agmina
1974 2648 2072 2718 ducit
2087 2649 2188 2734 odor,

1366 2746 1425 2818 'l’u
1442 2762 1560 2818 tamen
1577 2749 1736 2818 infirmae
1753 2751 1882 2840 praebe
1897 2750 2020 2819 solatia
2037 2750 2146 2840 genti,

1415 2847 1675 2943 Currentesque
1690 2852 1774 2921 iuva
1792 2852 1939 2920 numine
1955 2873 2084 2944 quaeso
2102 2863 2176 2925 tue.

1365 2947 1453 3022 Esse
1468 2954 1568 3020 vides
1583 2954 1687 3021 nobis
1704 2954 1888 3023 subeunda
1906 2954 2061 3044 pericula
2075 2954 2184 3036 mille,

1418 3051 1481 3122 ttta
1498 3053 1567 3122 nisi
1584 3056 1672 3123 dttce
1686 3068 1720 3123 te
1735 3057 1876 3124 vincere
1891 3080 1995 3125 nemo
2011 3069 2137 3148 potest.

1366 3151 1457 3225 Ecce
1472 3171 1589 3227 atatem
1605 3156 1644 3225 in
1660 3151 1835 3226 thalamos
1851 3179 2009 3226 securam
2026 3181 2082 3226 me
2098 3160 2206 3228 modo
2222 3162 2321 3233 ducit

1418 3255 1495 3330 Rex
1511 3281 1609 3327 meus
1623 3271 1656 3327 et
1672 3283 1763 3328 nova
1779 3282 1874 3328 nuuc
1890 3260 2016 3348 gandia
2031 3273 2151 3351 pectus
2168 3255 2285 3338 habet.

1367 3357 1436 3429 Hic
1452 3385 1544 3430 nova
1560 3361 1620 3429 dat
1635 3361 1783 3430 miserae
1800 3383 1923 3430 rursus
1939 3361 2063 3432 solatia
2078 3361 2187 3452 genti,

1355 3474 1358 3480 “
1387 3488 1391 3494 ·
1410 3455 1466 3532 Et
1481 3461 1616 3530 medios
1632 3455 1751 3532 hostes
1765 3463 1859 3535 inter
1872 3477 1906 3533 et
1922 3485 2019 3532 arma
2034 3463 2130 3554 tegit.

1237 3636 1239 3646 ,
1367 3560 1464 3632 Haec
1480 3577 1513 3634 te
1529 3562 1688 3656 quisquis
1706 3579 1800 3634 amat
1815 3565 1994 3635 benefacta
2009 3587 2199 3656 agnoscere
2212 3582 2324 3657 grato,

1420 3661 1466 3734 Et
1482 3667 1625 3734 laudare
1639 3667 1728 3735 solet
1742 3681 1882 3758 pectore
1899 3691 2035 3736 summe
2052 3681 2160 3758 pater.

1367 3765 1475 3856 Nigra
1490 3767 1653 3859 equidem
1668 3769 1792 3838 videor
1807 3769 1896 3838 sicut
1912 3769 2062 3839 tentoria
2079 3769 2207 3856 Cedat,

1295 3887 1301 3899 ·
1418 3866 1565 3938 incultis
1583 3867 1715 3938 Arabes
1731 3895 1819 3963 quae
1834 3895 1980 3962 posuere
1995 3872 2092 3946 locis.

1367 3967 1415 4040 Et
1431 3971 1597 4070 qnoniam
1614 3986 1775 4042 exercent
1789 3997 1844 4040 me
1862 3974 1971 4043 multa
1991 3973 2144 4064 pericula
2162 3997 2320 4067 spernor,

1415 4068 1598 4142 Fortunae
1616 4074 1746 4162 species
1762 4085 1813 4142 est
1827 4075 1950 4144 odiosa
1968 4099 2077 4148 meae.

1369 4171 1455 4244 Suru
1472 4176 1625 4243 formosa
1640 4188 1757 4243 tamen
1773 4171 1941 4270 pulchrae
1955 4173 2161 4248 Solomonis
2176 4191 2218 4250 ut
2230 4202 2324 4249 arces

1421 4273 1461 4345 ln
1478 4277 1566 4344 celsa
1584 4298 1671 4368 quas
1687 4300 1783 4348 nunc
1799 4278 1859 4346 ille
1873 4276 1982 4348 Siune
1997 4279 2112 4349 struit.

1375 4608 1545 4738 Q
2188 4647 2237 4691 aa.
2254 4627 2341 4690 tata.
2437 4601 2438 4608 ‘

1437 4811 1466 4864 lu
1480 4825 1543 4883 opp.
1560 4811 1621 4864 Bas.
1634 4807 1667 4866 T.
1679 4809 1711 4863 V.
1725 4828 1752 4882 p.
1762 4773 1823 4868 848.
1838 4820 1868 4864 et
1882 4811 1953 4882 apud
1973 4809 2054 4869 vioe
2068 4831 2095 4885 p.
2105 4814 2172 4869 ats-

1441 4975 1613 5044 Prs‘mum
1632 4977 1747 5063 caput
1769 4971 1951 5064 epistolae
1972 4969 2024 5046 ed
2041 4975 2287 5052 colossenses.

1367 5103 1520 5195 Exoptat
1534 5103 1665 5174 Paulus
1681 5105 1782 5175 vobis
1797 5105 2000 5200 quicunque
2011 5104 2177 5198 Colossis,

1368 5207 1490 5277 Mente
1509 5205 1564 5298 pia
1577 5201 1760 5278 Christum
1776 5207 1909 5294 colitis,
1932 5233 2051 5300 pacem
2067 5226 2173 5306 atque
2190 5217 2350 5290 salutcrua
2437 5203 2438 5248 1

1403 5395 1432 5466 a)
1450 5409 1521 5446 was
1540 5389 1621 5447 norit.
1639 5409 1692 5464 pro
1708 5399 1776 5445 tuoe
1793 5387 1966 5462 quod'tstst
1985 5391 2070 5452 Viaca

2178 4705 2347 4744 *dm
2437 4693 2438 4704 ¹
