4864 5980
279 193 354 266 oet
1009 189 1017 196 ’
1062 181 1533 259 ouanmounuoa
1756 207 1759 212 ·
1849 289 1851 296 ,
2241 184 2320 260 ooo

358 361 506 445 J‚,iterata
525 359 729 440 recessimus,
751 367 779 422 et
801 361 837 421 de
860 353 970 437 quibus
993 357 1074 419 scire
1095 356 1270 441 potuimus,
1292 373 1451 418 nnmerum
1475 354 1566 438 anni,
1589 372 1649 434 qno
1669 353 1889 434 scriptasnnt,
1910 353 2100 418 notavimus.
2140 351 2324 418 addidimus

366 459 496 530 „autem
519 447 674 530 prioribus
699 446 814 530 [tribus
839 441 1018 526 Grathusii]
1042 441 1134 506 libris
1156 455 1225 505 tres
1247 443 1333 506 ulios
1353 462 1453 506 nouos
1473 441 1615 520 libellos,
1648 440 1801 520 singulari
1824 439 1924 503 studio
1947 459 1986 502 ex
2007 458 2078 502 mea
2099 448 2128 500 et
2150 439 2326 502 amicorum

367 534 591 616 „bibliothecis
606 533 769 614 collectos,
791 540 824 592 ut
837 550 917 590 nunc
932 550 988 591 sex
1003 529 1075 593 libri
1094 529 1256 592 conficiant
1270 530 1382 590 iustum
1403 527 1658 610 epigrammatum
1675 547 1761 606 epus.
1803 527 1867 590 Nee
1887 546 1932 588 me
1947 525 2031 604 eius,
2055 526 2327 608 quantulacunque

367 631 462 700 ,‚est,
485 638 584 698 opera
594 618 736 700 poenitet.
781 617 860 678 Nam
883 621 959 696 quod
986 617 1023 678 ad
1047 636 1092 676 mo
1111 616 1252 694 privatim
1275 613 1401 698 attinet,
1423 615 1582 676 ostendam
1606 613 1698 692 alibi,
1721 612 1830 691 quibus
1853 612 1944 674 rebus
1958 611 2029 674 huie
2051 621 2159 674 saneto
2175 612 2242 676 uiro
2259 631 2328 675 sum

369 708 565 791 „obstrictus
589 708 626 766 ad
650 714 804 764 aeternam
828 701 1053 780 gratitudinem.
1098 701 1186 762 Nunc
1207 712 1306 764 autem
1329 701 1366 760 de
1389 701 1548 781 omnihus,
1577 719 1653 778 quos
1676 698 1799 778 reliquit
1824 697 1878 760 ille
1902 707 1970 776 pust
1995 717 2028 760 se
2050 717 2110 758 non
2134 697 2328 760 adulterinae

368 804 522 878 „naturae
545 789 732 869 discipulos,
755 785 872 850 allirmo
888 787 990 850 deberi
1013 789 1074 850 boc
1088 785 1217 850 cilicium
1238 787 1518 869 praestantissimo,
1542 786 1717 864 optimaque
1730 787 1765 846 de
1781 806 1814 848 re
1835 783 1972 846 literaria
1990 783 2096 844 merito
2111 785 2329 865 Praeceptori,

370 890 433 962 „ut
457 878 560 938 ornuia
584 877 622 936 ab
646 896 679 937 co
704 876 842 953 prolecta
865 875 981 952 ingenii
1007 886 1033 933 et
1056 873 1211 936 doetrinae
1239 881 1433 934 monumenta
1455 882 1601 950 tanquam
1624 889 1732 934 sacras
1755 867 1903 948 reliquias
1925 889 1985 931 uou
2009 868 2108 930 solum
2130 870 2330 952 colligamur,

371 965 454 1044 „sed
478 964 566 1024 otiam
590 961 749 1023 emendis
778 959 987 1040 negligentiae
1016 959 1212 1021 hbrarrorum
1244 957 1340 1020 seculi
1364 958 1455 1020 buius
1478 958 1640 1039 (quantum
1666 957 1852 1035 perborum
1876 963 1993 1034 turpem
2017 955 2049 1016 iu
2072 955 2129 1017 boc
2152 956 2231 1020 vicio
2254 975 2329 1036 per-

373 1047 547 1132 „tinaciam
570 1045 658 1128 licet)
687 1047 892 1107 vindicemus:
924 1045 1094 1106 carminum
1118 1055 1217 1106 autem
1241 1043 1377 1123 Philippi
1403 1044 1459 1104 illa
1481 1043 1641 1120 ingeniosa
1663 1053 1752 1121 atque
1775 1040 1896 1104 erudita
1924 1039 2081 1124 facilitas,
2117 1050 2146 1103 et
2170 1043 2220 1104 bis
2243 1061 2329 1106 eont-

372 1136 555 1216 „prebcnsa
577 1151 678 1193 rerum
703 1132 825 1192 bonitas
850 1139 935 1192 tarrta
958 1141 1016 1213 est,
1042 1141 1073 1190 nt
1097 1150 1158 1191 non
1181 1130 1280 1192 solum
1306 1129 1493 1210 posteritatis
1518 1128 1609 1188 facile
1634 1129 1782 1190 sustinere
1805 1127 1902 1208 possit
1924 1125 2138 1206 aequissimam
2153 1147 2329 1206 censuram,

372 1223 450 1308 „sed
475 1219 566 1280 otiam
588 1218 759 1298 praesentis
783 1217 874 1278 seculi
900 1216 1100 1294 iampridem
1123 1219 1204 1294 apud
1229 1229 1352 1277 exteras
1373 1225 1474 1295 gentes
1499 1211 1668 1276 honorifica
1692 1214 1803 1274 iudicia
1826 1223 1954 1292 cxprrta
1979 1211 2051 1274 rit.’'

288 1338 383 1401 Haec
404 1336 608 1402 Vincentius.
638 1368 680 1380 —
723 1335 776 1396 Ex
803 1333 920 1418 quibus
949 1333 1152 1416 intelligitur,
1191 1331 1363 1396 editionem
1395 1333 1662 1416 epigrammatum
1690 1330 1904 1394 aVincentio
1937 1329 2059 1392 iactam
2071 1328 2266 1476 ιιιιίιιοίιιιιιιι
2294 1342 2329 1394 et

288 1421 353 1485 ilde
368 1422 592 1506 diguissimam
608 1437 703 1501 esse,
726 1437 825 1500 quare
841 1437 913 1481 eam
929 1421 1025 1481 etiam
1042 1419 1095 1482 hic
1110 1419 1238 1499 sequuti
1252 1437 1377 1480 sumus.
1420 1419 1457 1480 ln
1473 1434 1591 1498 magua
1605 1417 1690 1478 enim
1714 1416 1947 1497 familiaritate,
1967 1432 2052 1496 quae
2098 1413 2236 1480 iacentia
2252 1435 2329 1482 cum

258 1507 260 1510 ’
288 1509 499 1572 Melanthone
513 1525 595 1568 seue
610 1516 695 1586 erat,
717 1505 812 1568 dubio
829 1513 935 1582 caret,
958 1504 1045 1566 illurn
1060 1523 1133 1567 cum
1153 1505 1215 1566 hoc
1229 1503 1271 1566 de
1289 1505 1404 1566 libellis
1422 1505 1545 1566 Secerii
1561 1512 1595 1565 et
1614 1501 1779 1566 Grathusii
1794 1502 1961 1584 loquutum
1978 1517 2076 1584 esse,
2097 1509 2130 1562 et
2150 1500 2212 1566 hoe
2228 1502 2328 1565 modo

277 1594 473 1673 audivisse,
497 1609 581 1674 quac
595 1610 615 1653 a
627 1591 859 1667 Melanthone,
880 1601 992 1653 utnon
1009 1608 1028 1650 a
1043 1605 1082 1652 se
1097 1590 1235 1672 scripta,
1257 1591 1429 1671 reprobata
1446 1587 1573 1652 fuerint.

416 1709 535 1791 Neque
548 1706 836 1790 postVinoeutium
849 1707 932 1769 alins
946 1706 1050 1769 extitit
1065 1707 1161 1769 homo
1176 1705 1304 1788 doctus,
1326 1706 1379 1788 qui
1389 1704 1610 1768 Melanthonis
1627 1703 1767 1767 carmina
1781 1699 1885 1766 denuo
1900 1701 2101 1784 collegisset.
2131 1699 2220 1766 Nam
2233 1701 2329 1766 liber:

331 1827 498 1912 „Philippi
511 1821 732 1887 Melanthonis
747 1823 1013 1906 epigrammatum
1033 1818 1103 1884 libri
1116 1823 1175 1900 Vi,
1190 1821 1345 1906 recogniti
1360 1833 1393 1886 et
1407 1822 1493 1887 aucti
1510 1840 1529 1884 a
1544 1819 1584 1883 D.
1599 1816 1723 1883 leenae
1743 1815 1895 1900 Meiere,
1914 1819 2103 1884 loachimo”
2125 1817 2161 1902 [ι.
2174 1837 2205 1882 e.
2219 1819 2249 1882 io
2263 1839 2327 1904 op-

374 1911 484 1996 pidulo
498 1909 730 1972 Ioachimsthal
743 1909 846 1990 nato].
891 1909 1018 1973 Witeb.
1034 1907 1127 1994 1575.
1149 1909 1182 1972 8.

291 2052 353 2096 non
367 2031 460 2115 plura
474 2029 575 2092 habet
587 2043 683 2106 quam
697 2023 1009 2104 Vincentiusdedit,
1033 2032 1067 2086 et
1084 2025 1127 2086 nil
1146 2032 1199 2085 est
1217 2022 1279 2084 nisi
1292 2021 1455 2086 Vincentii
1477 2023 1556 2086 liber
1570 2018 1613 2086 ad
1627 2025 1762 2086 verbum
1777 2039 1939 2088 recusum.
1967 1991 2105 2104 'Neque
2120 2021 2228 2084 Maior
2247 2041 2329 2085 ver·

289 2118 401 2184 bulum
421 2113 588 2197 praelatus
609 2120 678 2187 est,
703 2108 763 2170 sed
781 2110 889 2174 recudi
909 2112 1033 2172 curavit
1054 2111 1242 2190 simpliciter
1256 2107 1415 2172 Vincentii
1436 2110 1607 2190 epistolam
1628 2108 1860 2172 dedicatoriam
1882 2108 1922 2170 ad
1936 2108 2115 2172 albertum.
2131 2105 2328 2172 hriuerioum

290 2202 523 2266 biarchiouem.
567 2194 602 2258 N
605 2214 645 2256 ou
659 2197 880 2258 necessarium
895 2197 992 2280 igitur
1006 2195 1083 2258 mihi
1101 2197 1207 2258 visum
1223 2197 1293 2280 est,
1314 2204 1443 2276 praeter
1460 2195 1663 2258 vincentium
1677 2195 1774 2260 etiam
1789 2194 1923 2258 Maioris
1943 2195 2057 2256 librum
2073 2192 2215 2256 laudare.

419 2315 563 2378 Prorsus
575 2319 684 2376 autem
697 2311 817 2374 nullius
834 2311 928 2392 pretii
939 2319 1016 2374 sunt
1031 2311 1100 2375 libri
1114 2308 1237 2394 depleri
1252 2319 1285 2374 et
1298 2307 1489 2392 flegetundi.
1532 2311 1623 2372 Illius
1644 2310 1722 2372 liber
1736 2310 1835 2372 habet
1856 2309 2115 2390 inscriptionem:

278 2443 282 2450 '
336 2433 605 2518 „Epigrammata
626 2424 710 2490 Rev.
732 2437 764 2491 et
787 2425 922 2491 clariss.
943 2429 1002 2490 viri
1026 2425 1067 2490 D.
1088 2427 1173 2490 Phil.
1197 2427 1418 2490 Melanthouis
1437 2425 1534 2491 irrata
1555 2431 1669 2510 partes
1693 2407 1889 2490 catechismi
1910 2425 2079 2508 [Lutheri‚
2102 2427 2184 2490 satis
2204 2425 2329 2508 inepte]

378 2518 515 2581 collecta
528 2525 561 2576 et
576 2515 755 2592 distributa,
771 2533 869 2594 opera
883 2524 916 2576 et
934 2513 1039 2578 studio
1058 2511 1190 2574 learoroia
1200 2511 1335 2595 depleri,
1350 2515 1485 2575 avernum
1498 2513 1560 2575 Dei
1575 2511 1722 2575 docentis
1737 2513 1864 2577 Stetiui.
1894 2513 2012 2606 Stetini¹
2026 2509 2181 2577 enarra.
2196 2512 2228 2576 8.
2236 2514 2330 2574 ιιιιιι.”

292 2639 398 2702 Huius
413 2635 493 2698 liber
511 2633 610 2696 hahet
622 2632 764 2694 titulum:

335 2753 607 2838 „Epigrammata
629 2749 711 2812 Phil.
734 2747 957 2810 illelanthouis'
972 2745 1161 2826 selectiora,
1184 2747 1330 2809 formulis
1353 2724 1502 2828 precum,
1525 2747 1686 2825 historiis,
1713 2746 1904 2828 paraphrasi
1922 2745 2078 2810 dictorum
2098 2745 2280 2809 divinornm
2299 2756 2332 2808 et

377 2838 551 2904 sententiis
567 2835 771 2916 gravissimis
791 2835 932 2896 maxime
947 2833 1104 2915 insignia,
1128 2851 1171 2896 ex
1184 2834 1270 2894 edito
1286 2833 1562 2914 Epigrammatum
1582 2831 1689 2894 libello
1712 2831 1925 2914 [Vincentii],
1956 2844 1988 2894 et
2011 2831 2141 2894 aliunde
2164 2841 2330 2913 excerpta,

378 2929 415 2986 ut
436 2920 545 3005 pueris
567 2919 601 2982 ia
627 2917 684 2998 pie
706 2915 909 2981 institutione
929 2918 1065 3000 proponi
1085 2922 1117 2982 et
1139 2914 1298 2980 ioooulcart'
1322 2915 1465 3000 possint,
1488 2951 1535 2994 ¹-
1566 2917 1705 2982 collecta
1727 2937 1746 2980 a
1768 2918 1814 2980 Μ.
1837 2915 1937 2981 Petro
1957 2913 2161 3002 Hegeleade,
2189 2917 2332 2981 hectore

378 2999 494 3072 'l'beoh
509 3006 666 3088 ilipiensi.
708 3003 860 3066 Francos.
874 3003 915 3068 ad
929 3005 975 3066 Μ.
993 3002 1087 3068 1583.
1111 3005 1159 3067 8.”

218 3201 229 3216 Ι,
293 3125 387 3206 Quae
401 3123 479 3187 dixit
493 3119 645 3205 ,aliunde
659 3115 856 3201 excerpta'',
872 3139 911 3183 oa
923 3129 1000 3182 sunt
1012 3121 1067 3182 vel
1082 3121 1222 3182 earmina
1235 3120 1380 3202 aliorum,
1393 3121 1447 3183 vel
1461 3121 1666 3202 precationes
1680 3119 1901 3184 Melautbonis
1914 3120 2059 3184 oratione
2070 3135 2167 3202 prosa
2179 3120 2332 3203 scriptae.

421 3239 539 3302 Libros
550 3237 646 3318 igitur
661 3235 839 3315 arethusii,
861 3236 1013 3308 Maioris,
1036 3233 1169 3318 Oogleri
1184 3247 1216 3298 et
1230 3235 1417 3318 Hegelundi
1430 3238 1552 3299 missos
1573 3237 1655 3319 ieci,
1679 3245 1851 3300 attentum
1872 3236 1968 3298 citavi
1986 3234 2182 3318 farraginem
2198 3237 2332 3318 Secari,

294 3345 393 3410 opera
407 3323 488 3386 Mel.
502 3322 706 3383 Basilecnsia
721 3330 755 3382 ct
768 3322 880 3382 librum
895 3319 1069 3387 Vincentii.
1109 3321 1229 3404 Neque
1245 3321 1329 3403 apud
1347 3321 1516 3384 Secerium
1531 3340 1637 3405 neque
1652 3321 1737 3404 apud
1747 3321 1952 3385 vincentium
1965 3323 2105 3403 paginae
2120 3323 2175 3384 vel
2191 3324 2331 3386 earmina

293 3413 414 3476 habent
430 3424 599 3488 numeros,
620 3405 758 3485 ideoque
770 3406 907 3487 paginas
923 3405 1047 3468 Socerii
1060 3417 1172 3470 notare
1190 3427 1253 3469 nou
1268 3408 1374 3488 potui,
1398 3407 1560 3470 Vincentii
1575 3418 1684 3470 autem
1698 3408 1794 3490 libro,
1818 3409 1937 3490 quippe
1952 3408 2034 3468 lenti
2050 3408 2212 3488 primario,
2233 3410 2331 3492 pagi-

294 3515 356 3560 nas
369 3492 546 3575 adscripsi,
567 3501 604 3560 ut
617 3503 768 3554 accurate
783 3489 843 3553 dici
857 3501 986 3574 posset,
1010 3511 1073 3572 quo
1088 3493 1160 3555 leco
1175 3494 1374 3576 epigramma
1388 3493 1540 3576 quodque
1556 3494 1694 3575 legatur.

424 3612 475 3676 De
491 3607 601 3672 ordine
616 3607 671 3669 vel
685 3607 770 3668 serie
784 3607 959 3669 carminum
973 3609 1108 3689 primum
1123 3609 1335 3672 haesitabam.
1379 3611 1494 3690 Aeque
1518 3609 1601 3672 enim
1616 3605 1746 3673 dillicile
1758 3608 1928 3672 videbatur
1947 3623 1992 3668 ea
2013 3603 2186 3688 disponere
2207 3627 2331 3672 seeun-

294 3699 371 3764 dum
385 3703 627 3782 argumentum,
648 3711 687 3754 ac
700 3691 880 3755 seeundum
894 3694 1013 3755 seriem
1028 3712 1193 3756 annornm.
1238 3691 1438 3773 Quibusdam
1451 3693 1577 3776 quidem
1594 3695 1787 3757 carminibus
1803 3693 1998 3756 Vincentius
2019 3693 2051 3754 in
2065 3697 2211 3778 margine
2224 3694 2330 3777 adpo-

294 3787 361 3850 suit
374 3801 491 3847 annum
505 3797 615 3843 eorum
630 3779 791 3860 nativum,
813 3777 871 3839 sed
886 3780 1010 3859 paucis.
1058 3777 1251 3842 Grathusius
1268 3779 1426 3861 disposuit
1441 3779 1571 3862 quidem
1586 3782 1728 3842 carmina
1743 3783 1774 3844 in
1791 3791 1858 3842 tres
1874 3777 1984 3855 libros,
2007 3779 2123 3858 quibus
2141 3781 2331 3844 Vincentius

231 3917 234 3923 -
293 3881 361 3935 tres
373 3879 544 3952 praeterea
558 3863 687 3945 addidit,
710 3863 771 3924 sed
787 3882 893 3945 neque
907 3876 1165 3946 argumentorum
1179 3883 1283 3946 neque
1301 3884 1454 3928 annerum
1470 3865 1661 3929 discriminis
1675 3868 1760 3928 iusta
1775 3866 1885 3928 habita
1897 3873 1949 3926 eat
1962 3865 2051 3926 ratio.
2095 3865 2245 3950 Denique
2256 3869 2332 3931 mibi

294 3965 403 4020 tamen
417 3953 587 4017 videbatur
603 3950 755 4032 optimum
769 3966 864 4030 esse,
887 3945 1055 4032 Carmina,
1075 3968 1180 4032 aeque
1194 3969 1234 4012 ae
1247 3951 1422 4032 epistolas,
1445 3951 1625 4014 secuudum
1647 3954 1765 4013 seriem
1789 3967 1944 4013 annorum
1964 3966 2096 4030 ponere.
2140 3949 2332 4034 Quanquam
2426 3987 2427 3990 =

294 4045 380 4104 eninr
394 4053 514 4121 magua
534 4053 609 4116 pars
623 4034 798 4098 carminum
813 4035 858 4096 ita
869 4045 1054 4115 comparata
1070 4045 1139 4118 est,
1164 4045 1199 4098 ut
1213 4054 1323 4097 eorum
1337 4053 1441 4098 annus
1461 4038 1590 4100 nativus
1608 4037 1731 4100 deliniri
1750 4046 1907 4118 nequeat,
1930 4045 2056 4118 tamen,
2077 4045 2113 4098 ut
2134 4047 2231 4100 antea
2245 4037 2329 4100 dixi-

294 4143 386 4204 mus,
408 4139 548 4186 necesse
561 4131 630 4204 est,
652 4120 758 4181 omnia
771 4135 853 4200 quae
869 4120 1023 4182 Seeerius
1039 4120 1146 4202 dedit,
1168 4131 1242 4184 ante
1258 4139 1375 4182 annum
1393 4121 1504 4202 laea,
1526 4125 1562 4184 et
1579 4124 1685 4185 emnia
1700 4140 1783 4202 quae
1806 4125 1836 4182 in
1851 4117 2073 4184 Melantbenis
2095 4123 2247 4204 operibus
2263 4125 2330 4186 Ba·

294 4209 490 4273 sileensibus
505 4207 654 4288 leguntur
667 4213 742 4266 ante
754 4217 902 4265 mensem
914 4205 1101 4287 Augustum
1117 4205 1190 4268 anni
1207 4205 1300 4268 1541.
1315 4207 1436 4288 scripta
1451 4225 1539 4270 esse.
1570 4205 1734 4290 Optimum
1749 4208 1843 4288 igitur
1856 4208 1964 4268 visum
1979 4215 2032 4269 est
2046 4210 2188 4273 earmina
2202 4210 2234 4270 in
2249 4227 2330 4290 qua-

294 4305 367 4360 tuor
381 4295 480 4357 libros
498 4291 688 4372 disponere,
712 4291 982 4374 quorumprimus
998 4291 1724 4374 complectiturcarmioaanteannum1527,
1746 4292 1913 4355 secundus
1933 4291 2075 4355 carmina
2095 4291 2169 4354 inde
2189 4295 2229 4356 ab
2250 4311 2330 4356 anno

278 4381 391 4463 Ι1527.
403 4395 508 4461 usque
524 4375 565 4438 ad
581 4393 700 4437 annum
716 4374 811 4438 1540.
828 4375 962 4457 scripta,
985 4379 1100 4439 tertius
1115 4377 1348 4460 epigrammata
1366 4379 1407 4440 ab
1424 4395 1476 4440 au.
1493 4377 1732 4440 1541-1560,
1747 4377 1852 4460 lacta,
1875 4387 1907 4440 et
1923 4387 2058 4458 quartus
2080 4397 2138 4458 oa,
2161 4378 2330 4462 dequibus

295 4467 419 4530 deliniri
430 4483 496 4527 mon
510 4461 643 4545 poterit,
661 4477 725 4542 quo
741 4469 887 4541 tempore
900 4463 1020 4543 scripta
1036 4463 1110 4527 sint.
1590 4481 1591 4484 ’

423 4579 575 4646 Carmina
588 4573 729 4639 nondum
744 4573 832 4639 edita
840 4621 851 4658 ,
871 4588 937 4642 eta
952 4580 1044 4644 nobis
1061 4597 1103 4642 en
1123 4579 1212 4642 libris
1225 4579 1453 4662 manuscriptis
1472 4580 1608 4664 hausta,
1630 4583 1725 4665 signo
1739 4579 1761 4664 †
1776 4581 1969 4644 notavimus.

382 4760 555 4842 Gotbae,
590 4753 620 4820 tl.
638 4755 690 4820 29.
713 4753 811 4819 blant.
836 4754 930 4820 1842.

1648 5015 2182 5105 Bretsehmeirler.
