4884 5950
197 1575 205 1604 ²
304 1573 350 1646 tis
372 1568 608 1639 necessarium
624 1567 779 1638 officium
795 1589 889 1651 esse,
915 1579 956 1636 ut
971 1568 1086 1637 vocati
1103 1567 1148 1636 ad
1165 1565 1297 1635 iudicia

201 1919 208 1936 ·
307 1902 366 1948 eos
384 1873 469 1947 hinc
486 1876 660 1946 eiecturos
676 1899 761 1948 esse.

291 237 364 314 on
433 254 439 265 κ
512 267 520 277 ·
778 225 1844 342 depopulansnnnvnseoucronns.
2259 222 2344 300 ssa

395 407 541 496 Habent
562 406 720 499 exempla
737 404 863 478 iudicii
880 403 997 474 divini
1011 423 1136 474 omnes
1150 415 1290 489 aetates,
1341 425 1398 472 cas
1426 379 1716 489 adhortabimur,
1751 416 1791 474 ut
1817 402 1879 498 qui
1904 395 2023 472 adbuc
2046 399 2225 472 sanabiles
2247 413 2341 480 sunt,

295 539 387 611 quae
418 513 631 592 ostendunt,
665 504 758 578 hanc
788 507 1101 578 comminationem
1131 506 1291 580 divinam
1342 507 1372 574 si
1394 505 1473 574 lieri
1495 518 1628 596 potest,
1655 501 1827 576 nonnihil
1847 506 2054 589 flectantur,
2080 504 2143 596 qni
2168 526 2255 572 vero
2271 503 2344 572 iam

295 619 409 692 rataln
423 638 514 686 esse:
542 612 617 702 Qui
632 611 790 703 gladium
800 609 991 701 acceperit,
1010 610 1131 699 gladio
1149 609 1292 699 peribit,
1344 602 1576 706 ἀναλγησίαν
1599 623 1632 680 et
1654 623 1835 702 stuporem
1857 621 2127 689 contraxerunt,
2152 620 2193 678 ut
2216 606 2262 674 ad
2285 628 2345 674 sa-

298 736 334 794 et
347 719 496 790 similes:
523 714 743 786 scortatores
759 727 794 784 et
809 714 991 784 adulteros
1004 714 1130 805 puniet
1143 710 1252 784 Deus.
1344 735 1428 780 nam
1450 724 1604 783 mentem
1629 709 1788 782 revocari
1810 735 1885 780 non
1907 709 2061 801 amplius
2081 709 2240 800 possint,
2273 708 2345 778 sal-

401 836 493 909 Cum
510 835 623 924 igitur
644 857 720 904 non
741 832 891 904 dubium
911 832 974 916 sit,
1004 833 1137 902 atrocia
1162 831 1294 902 seelera
1345 827 1416 932 tem
1440 814 1484 882 de
1497 814 1641 906 poenis,
1669 837 1759 907 quae
1775 827 1890 886 certae
1905 825 1939 882 et
1955 811 2345 930 quidemaravissimae

301 940 463 1014 comitari
484 960 617 1030 poenas
639 937 679 1005 in
701 931 768 1005 bac
785 936 857 1005 vita
873 935 994 1004 divino
1009 935 1155 1021 ordine,
1179 947 1294 1003 metus
1346 931 1625 1034 ¹P⁸⁰⁵J¹¹³¹⁸¹²¹¹l3
1651 920 1922 988 adffl⁰¹¹²³⁰l¹¹h
1975 912 2067 1032 Nam
2087 926 2233 1032 ⁸¹f⁰¹¹¹¹
2251 911 2347 1032 Tri}-

300 1065 496 1138 poenarum
516 1039 622 1111 etiam
643 1062 708 1108 vos
721 1033 917 1108 coherceat.
968 1035 1296 1114 Nosmandatodi-
1346 1015 1650 1138 89⁰d¹³·T¹{⁰⁸¹³⁸
1672 1043 1747 1090 ¹¹0ss
1770 1021 1932 1142 lfm'llml
1956 1029 1998 1138 ¹¹}
2020 1031 2088 1102 ml,
2114 1018 2150 1086 ¹d
2176 1029 2228 1086 0⁸¹
2249 1031 2347 1086 Vltu-

301 1148 387 1216 vino
402 1139 466 1214 bas
480 1141 837 1212 commonefactiones
852 1140 1107 1230 proponimus,
1133 1153 1172 1210 ut
1187 1137 1296 1209 officii
1347 1120 1491 1238 effland}
1514 1123 1678 1240 ὓξῑθῐὶῑῐὸ,
1710 1118 1802 1192 ἄλλα
1824 1123 1902 1202 Τοῖς
1923 1140 2161 1239 πρᾳγμῡξῦῑν,
2188 1113 2258 1188 ¹¹⁰⁰
2281 1135 2347 1238 85],

302 1247 415 1342 nostri
438 1244 529 1317 ratio
545 1236 712 1336 postulat.
742 1239 812 1314 .Et
826 1265 889 1320 vos
905 1241 1152 1331 experiemini,
1178 1239 1295 1312 Deum
1347 1225 1454 1293 1⁸b¹1⁵
1476 1246 1562 1314 ¹PS¹S
1582 1237 1721 1310 ¹¹¹⁰l¹¹⁸s
1754 1225 1864 1316 ἰιῃΡἱο
1885 1246 1958 1312 ²⁰8¹
1980 1235 2183 1307 mimium,
2207 1234 2241 1290 θῑ
2265 1246 2345 1292 ¹1¹¹·

303 1373 377 1422 ρης
394 1348 575 1419 custodem
593 1369 676 1417 suae
693 1345 800 1436 legis,
826 1357 860 1414 ρῑ
874 1344 1011 1436 politici
1026 1345 1181 1414 ordinis,
1348 1349 1431 1394 nam
1447 1327 1644 1416 praedicit:
1673 1328 1721 1397 ita
1737 1350 1811 1428 uos
1833 1352 1915 1396 cum
1937 1325 2053 1414 legum
2078 1338 2112 1394 et
2135 1323 2345 1416 disciplinae

405 1467 511 1538 Nunc
535 1465 641 1536 ,fiam
660 1486 783 1535 ,ursus
800 1465 1032 1534 admonemus
1048 1481 1138 1549 Μ,-
1151 1476 1191 1534 u,
1208 1463 1298 1530 sda-
1349 1428 1491 1496 vincula
1506 1429 1653 1498 dissolvi
1667 1429 1842 1514 videmus,
1867 1428 1956 1522 quid
1971 1427 2070 1498 aliud
2084 1427 2249 1496 divinare
2262 1450 2346 1518 pos·

1350 1552 1493 1614 snmus,
1525 1555 1631 1623 quarn
1654 1532 1872 1617 vastitatem,
1905 1529 2069 1616 ruinam,
2099 1543 2136 1599 et
2158 1530 2344 1600 interitum

1339 1630 1582 1723 'Reipublicae
1603 1633 1834 1726 impendere?
1883 1631 1975 1702 Nam
1993 1627 2052 1702 hie
2069 1633 2245 1724 proximus
2260 1653 2346 1722 gra·

1350 1737 1417 1804 dus
1441 1747 1492 1806 est
1514 1737 1558 1804 ad
1574 1737 1738 1822 exitium,
1765 1759 1845 1806 cum
1862 1729 2027 1806 homines
2042 1734 2287 1805 verecundiam
2307 1747 2345 1806 ct

1351 1838 1584 1908 reverentiam
1600 1862 1681 1930 erga
1694 1839 1788 1930 leges
1804 1837 2021 1922 abiecerunt,
2046 1837 2270 1928 disciplinam
2285 1860 2347 1905 re-

1350 1952 1483 2031 spuunt
1499 1964 1539 2008 ac
1553 1954 1804 2021 contemnunt,
1831 1953 1865 2010 et
1881 1965 1953 2033 quo
1968 1952 2071 2009 vocat
2086 1940 2280 2032 cupiditas,
2304 1963 2346 2009 eo

407 1991 486 2066 Oro
502 2007 624 2065 autern
635 1986 749 2066 filium
765 1990 834 2064 Dei
848 1991 1045 2063 Dominum
1061 2005 1224 2062 nostrum
1243 1988 1298 2060 Ie·
1458 2041 1506 2058 ..
1743 2043 1752 2061 .
1836 2043 1844 2059 .
1951 2043 1960 2060 .
2006 2042 2016 2059 .

203 2119 214 2144 ⁹
285 2119 384 2170 'sum
404 2093 588 2169 Christum
610 2096 816 2166 crucifixum
841 2120 905 2187 pro
928 2093 1034 2164 nobis
1057 2107 1092 2163 et
1113 2095 1299 2164 resuscita·
1352 2065 1493 2212 plutum
1496 2055 1560 2112 ¹1⁹⁵
1576 2058 1698 2130 ‘uum’
1724 2068 1773 2113 ⁵¹⁰
1787 2067 1883 2163 indm
1897 2056 1934 2114 Μ
1948 2065 2019 2134 ¹9⁵¹
2032 2065 2118 2128 Μ’
2142 2042 2348 2160 mphffiqu‘

1352 2175 1370 2214 a
1389 2166 1458 2224 ros,
1485 2159 1519 2216 et
1540 2169 1642 2238 saepe
1660 2161 1752 2218 totas
1768 2159 1945 2230 civitates,
1970 2169 2011 2214 ac
2027 2144 2248 2236 respublicas
2263 2169 2348 2236 poe-

306 2216 402 2286 tum’
436 2202 619 2271 cumdem
648 2193 826 2268 Ecdeme
854 2221 956 2278 ’Μ’
988 2209 1031 2266 ut
1059 2192 1152 2266 hanc
1175 2193 1299 2266 Ecde'
1353 2247 1408 2316 nis
1435 2246 1638 2320 involvunt.
1703 2248 1795 2320 Nota
1823 2261 1874 2316 est
1894 2250 2068 2318 sententia
2093 2242 2286 2337 Sophoclis
2308 2247 2347 2316 in

306 2305 413 2383 siam,
446 2315 480 2372 et
501 2300 824 2420 studiaodoctrinae
847 2313 882 2371 et
903 2322 970 2370 nos
992 2323 1117 2370 omnes
1139 2311 1300 2391 protegat
1353 2345 1479 2418 Aiace:
1510 2345 1627 2424 ''Onov
1656 2347 1695 2423 ὃ»
1721 2345 1891 2445 ὑβρίζειν
1942 2345 2043 2444 δρᾶν
2061 2346 2100 2421 3,
2123 2345 2149 2420 ἃ
2170 2342 2347 2444 βούληαι

307 2419 343 2476 ⁰1
359 2405 543 2495 gnbemet’
593 2399 690 2476 ΒΜ·
1353 2445 1455 2540 παρὰ
1481 2446 1623 2545 ταύτην
1651 2446 1779 2546 νόμιζε
1804 2448 1874 2546 τὴν
1897 2402 2008 2524 ,πόλιν
2031 2445 2163 2548 χρόνῳ
2192 2446 2282 2523 ποτὲ
2310 2451 2348 2533 ἐξ

1051 2634 1056 2642 ,
1160 2608 1297 2620 ...-
1354 2547 1495 2647 οὐρέων
1522 2550 1766 2648 δραμοῦσαν,
1792 2556 1842 2634 alc
1871 2550 2003 2647 βυθὸν
2024 2556 2160 2631 πεσεῖν.
2211 2551 2251 2623 ld
2278 2567 2346 2624 est:

1353 2657 1416 2726 ubi
1432 2681 1516 2726 vero
1533 2658 1686 2728 iniuriae
1701 2659 1915 2750 praevalent,
1942 2669 1977 2728 et
1992 2658 2143 2750 quisque
2157 2657 2256 2752 quod
2271 2657 2348 2726 vult

334 2737 477 2814 N⁰·²5·
670 2803 676 2816 ·
1080 2742 1301 2824 (ln-1⁵⁵¹·3)
1354 2759 1456 2843 facit,
1490 2784 1565 2830 eam
1596 2761 1722 2830 urbem
1752 2761 1897 2832 tandem
1929 2759 2088 2830 existima
2118 2784 2161 2830 ex
2189 2759 2345 2830 secundo

315 2835 488 2867 Μ
725 2857 726 2862 ’
1355 2867 1459 2932 cursu
1475 2863 1680 2955 precipitem
1697 2863 1871 2934 ruituram
1888 2885 1972 2933 esse.
2024 2857 2245 2956 Pythagoras
2260 2885 2348 2956 qua-

376 2955 408 3012 ¹¹¹
424 2955 541 3027 Quaen.
557 2956 589 3010 '¹‘
603 2954 696 3009 Ebora
709 2953 790 3010 ‘³¹¹³'
808 2973 834 3027 Ρ·
850 2955 933 3010 ¹⁸⁰⁵·
1355 2979 1438 3036 tuor
1459 2966 1586 3052 gradus
1608 2965 1691 3036 fecit
1712 2964 1916 3049 civitatum,
1942 2988 2032 3058 quae
2055 2977 2140 3036 sunt
2160 2965 2347 3058 periturae.

1355 3065 1517 3138 Primum
1538 3069 1576 3136 in
1599 3067 1706 3138 urbes
1729 3067 1862 3137 intrare
1878 3067 1928 3137 ait
1941 3061 2110 3162 τρυφὴν,
2138 3067 2262 3148 idest,
2288 3068 2348 3137 lu-

1354 3169 1492 3240 xuriam
1523 3183 1558 3240 et
1580 3171 1811 3262 petulantiam
1834 3169 1873 3237 in
1895 3183 2066 3262 apparatu
2089 3169 2348 3250 conviviorum,

1355 3273 1485 3344 vestitu
1508 3285 1543 3342 et
1564 3273 1703 3365 reliquo
1726 3273 1818 3341 vitae
1842 3273 1954 3346 cultu.
2005 3270 2146 3343 Deinde
2160 3264 2278 3368 κόρον
2293 3295 2347 3341 sa-

309 3361 460 3448 Scimus
478 3397 611 3443 nomen
627 3373 743 3462 legum
762 3385 795 3442 et
812 3373 1038 3464 disciplinae,
1064 3367 1132 3441 boc
1147 3394 1228 3440 vere
1243 3393 1302 3440 ca·
1354 3373 1554 3460 toritatem,
1578 3375 1780 3460 fastidium,
1806 3375 2050 3459 securitatem,
2074 3375 2346 3467 impudentiam,

307 3479 472 3547 lamitoso
486 3475 624 3546 saeculo
635 3474 892 3561 aliisinvisum‚
913 3475 992 3544 aliis
1003 3499 1085 3545 vero
1096 3474 1303 3557 ridiculum,
1354 3490 1596 3568 contemptum
1635 3477 1757 3566 legum·
1789 3491 1824 3547 et
1859 3477 2085 3568 disciplinae,
2136 3476 2203 3548 ista
2246 3477 2344 3544 enim

309 3594 343 3650 et
358 3578 622 3669 contemptibile
636 3577 761 3650 videri.
787 3573 835 3647 Et
847 3579 981 3648 accedit
996 3573 1064 3647 hoc
1078 3577 1226 3646 velutad
1240 3601 1303 3645 cu·
1355 3579 1474 3648 omnia
1489 3580 1736 3672 complectitur
1749 3573 1836 3648 haec
1850 3603 1919 3648 vox
1934 3571 2057 3675 κόρος.
2084 3577 2170 3650 Mox
2185 3579 2347 3674 sequitur

308 3683 446 3752 mulum
466 3703 683 3772 poenarum,
709 3694 815 3773 atque
834 3680 1071 3751 calamitatum
1088 3693 1302 3762 nostrarum,
1354 3681 1472 3774 inquit
1499 3677 1627 3776 ὕβρις,
1674 3682 1808 3766 idest,
1848 3681 2001 3751 iniuriae
2029 3695 2064 3752 et
2093 3682 2347 3762 contumeliae,

308 3786 403 3878 qnod
415 3783 772 3876 quaedebebantesse
781 3783 935 3851 remedia
945 3783 1134 3862 malorum,
1153 3795 1301 3871 tampu·
1355 3785 1602 3854 contentiones
1625 3785 1719 3854 inter
1741 3785 1853 3868 cives,
1887 3785 1935 3854 ob
1958 3807 2013 3854 res
2036 3809 2112 3854 non
2134 3785 2347 3857 necessarias

306 3887 482 3957 blicorum
495 3907 600 3978 qnam
612 3885 845 3977 privatorum,
871 3907 1029 3977 eaquam
1040 3883 1302 3953 maximafesti-
1354 3899 1550 3976 susceptae,
1583 3887 1739 3956 studium
1769 3885 1954 3978 premendi
1982 3887 2071 3958 alios
2094 3905 2160 3978 per
2180 3887 2347 3958 ambitio·

309 3989 459 4060 diamus.
509 3985 639 4080 Fitque
660 3999 806 4078 propter
826 3987 1109 4077 magnitudinem
1130 3986 1235 4068 mali,
1263 3999 1303 4055 ut
1353 4012 1456 4077 nem,
1503 3989 1652 4068 fastum,
1698 3989 1918 4079 superbiam,
1953 4003 2015 4059 aut
2048 3989 2347 4074 malevolentiam,

309 4089 472 4160 salutaris
496 4091 670 4160 medicina
692 4088 799 4158 nobis
819 4089 920 4181 quasi
937 4089 975 4156 in
992 4111 1169 4158 venenum
1186 4102 1302 4158 verta·
1354 4089 1454 4176 odia,
1499 4091 1713 4172 simultates,
1760 4105 1878 4160 motus
1910 4091 2092 4175 intestini,
2141 4093 2345 4164 seditiones.

308 4207 379 4266 tur.
430 4188 521 4261 Cum
539 4215 687 4282 corpora
703 4191 868 4261 morbum
885 4214 960 4262 non
976 4191 1153 4274 sentiunt,
1176 4191 1302 4260 laetale
1352 4188 1427 4260 Has
1444 4206 1557 4283 pestes
1573 4193 1732 4285 proxime
1748 4193 1936 4263 comitatur
1951 4191 2124 4288 ὄλεθρος,
2150 4209 2193 4266 ut
2208 4193 2272 4266 ille
2283 4195 2343 4264 ait:

311 4308 381 4375 est,
413 4292 532 4387 inquit
551 4290 803 4385 Hippocrates,
828 4306 865 4364 at
884 4285 1018 4387 quanto
1041 4291 1153 4382 magis
1176 4293 1301 4362 laetale
1353 4294 1390 4362 id
1414 4307 1484 4380 est,
1516 4309 1715 4388 sequuntur
1734 4295 1950 4364 mutationes
1970 4296 2226 4387 imperiorum,
2258 4319 2341 4392 quae

309 4409 376 4481 est,
409 4420 489 4467 cum
516 4419 580 4464 nec
603 4395 781 4480 sentiunt,
811 4417 876 4464 nec
896 4395 1007 4465 ullam
1028 4395 1299 4466 medicationem
1353 4419 1470 4466 secum
1507 4391 1656 4470 trahunt
1686 4396 1851 4482 exitium,
1896 4397 2039 4466 ruinam
2071 4411 2106 4468 et
2135 4399 2343 4470 vastitatem.

308 4499 365 4568 vel
386 4499 597 4582 admittunt,
630 4497 688 4568 vel
710 4497 860 4568 tolerare
880 4497 1041 4592 queunt?
1089 4493 1300 4568 Communis
1352 4495 1421 4568 Hic
1443 4499 1539 4568 enim
1563 4501 1653 4569 ordo
1677 4522 1795 4570 rerum
1819 4499 1908 4569 solet
1928 4523 2023 4580 esse,
2047 4513 2082 4572 ct
2098 4494 2139 4569 hi
2155 4503 2286 4592 gradus
2299 4502 2346 4571 ad

306 4595 392 4671 haec
417 4615 451 4672 et
472 4601 599 4671 usitata
623 4600 766 4693 querela
788 4613 861 4683 est,
893 4623 968 4670 non
992 4613 1130 4670 tantum
1156 4612 1302 4668 nostro-¹
1352 4600 1556 4686 interitum,
1597 4623 1686 4695 quos
1714 4596 1877 4672 homines
1900 4601 2074 4694 sapientes
2099 4603 2347 4676 observarunt.

306 4725 406 4788 rum,
439 4704 501 4798 qui
531 4715 719 4793 praesunt,
750 4705 811 4772 sed
841 4703 1003 4772 omnium
1030 4705 1298 4793 propemodum,
1351 4699 1472 4790 Quare
1494 4717 1529 4776 et
1554 4726 1636 4784 nos,
1663 4728 1743 4774 cum
1767 4725 1899 4795 poenas
1919 4704 2049 4794 partim
2072 4719 2153 4776 ante
2178 4707 2275 4778 iores
2292 4708 2348 4776 vi·

304 1672 469 1746 Rectoris
498 1670 660 1756 veniant,
700 1692 809 1764 quare
837 1683 1061 1738 contumaces
1090 1668 1202 1739 sciant
1233 1691 1298 1738 nos

305 1797 432 1848 usuros
463 1795 536 1844 esse
563 1772 655 1842 iusta
679 1772 881 1858 severitate,
914 1783 948 1841 et
970 1773 1124 1864 publicis
1149 1770 1300 1842 decretis

308 3122 435 3194 Oratio
459 3121 629 3190 Rectoris
648 3113 765 3188 Acad.
796 3113 926 3188 Witeb.
957 3125 1045 3192 onte
1068 3123 1304 3190 statutorum

593 3221 807 3326 *tectiorem
826 3224 1004 3300 recitata.

307 4805 438 4897 quibus
468 4805 605 4898 aliquid
637 4805 767 4876 mentis
798 4827 872 4874 esse
901 4805 1062 4888 videtur,
1094 4803 1228 4897 quique
1255 4805 1299 4874 de
1350 4806 1512 4890 deamus,
1545 4807 1674 4898 partim
1706 4805 1813 4876 etiam
1842 4805 2036 4878 sentiamus
2059 4807 2145 4898 ipsi,
2177 4809 2348 4902 imperio-

306 4909 479 4997 praesenti
503 4931 621 4977 rerum
645 4919 738 4978 statu
761 4907 955 5001 aliquando
978 4907 1151 4997 cogitant,
1185 4921 1219 4976 et
1243 4920 1298 4976 ta·
1350 4930 1431 4976 rum
1464 4920 1497 4977 et
1526 4907 1872 4999 rerumpublicarum
1904 4909 2192 5000 quassationem,
2224 4913 2346 4998 thella,

305 5027 387 5078 men
401 5029 440 5078 ea
456 5009 530 5099 ipsa
544 5033 671 5100 parum
686 5009 808 5102 aequis
824 5010 970 5078 auribus
985 5009 1175 5101 accipiunt.
1223 5006 1298 5078 Nos
1349 5009 1560 5093 seditiones,
1595 5003 1760 5080 annonae
1787 5010 2029 5096 difficultates,
2060 5013 2213 5099 famem,
2251 5041 2347 5086 mor-

303 5123 422 5181 tamcn
452 5111 514 5204 qui
545 5134 676 5200 poenas
707 5112 793 5180 alias
820 5111 891 5180 iam
916 5123 998 5182 ante
1019 5111 1141 5182 oculos
1163 5112 1296 5196 adesse,
1349 5113 1413 5182 bos
1435 5113 1541 5202 vulgo
1567 5126 1782 5203 grassantes,
1810 5113 1997 5184 intestinos
2022 5128 2159 5201 motus,
2191 5111 2365 5212 rapinas,¹

303 5213 390 5284 alias
408 5205 505 5282 haud
521 5213 639 5284 dubiis
654 5213 966 5302 signisimminore
981 5214 1154 5297 videmus,
1179 5212 1295 5282 officio
1348 5203 1613 5300 crudelitatem,
1661 5229 1695 5287 et
1725 5216 1796 5285 alia
1824 5214 1962 5285 infinita
1994 5217 2087 5286 mala
2115 5215 2216 5314 (quis
2250 5223 2341 5292 enim

300 5328 422 5386 nostro
444 5315 645 5404 fungemur.
697 5313 746 5386 Et
768 5339 865 5386 nunc
886 5317 1231 5388 etiamiuventutem
1249 5317 1292 5382 ad
1348 5317 1468 5385 omnia
1491 5341 1530 5388 ea
1552 5314 1772 5408 enumerati)
1795 5317 1834 5384 in
1856 5317 2134 5408 capitanostra,
2162 5347 2229 5393 ceu
2242 5321 2341 5418 ldrlu-
2433 5369 2434 5396 l

299 5417 545 5510 disciplinam,
571 5430 606 5486 et
627 5415 866 5488 obedientiam
890 5441 973 5509 erga
994 5417 1087 5510 leges
1109 5413 1296 5488 scholasti·
1349 5419 1447 5488 vium
1462 5419 1649 5508 inundare,
1673 5434 1706 5492 et
1721 5419 1882 5510 graviora
1896 5420 2003 5492 etiam
2015 5420 2241 5514 impendere:
2261 5425 2341 5498 Non
