4884 5950
123 144 202 226 aaa
715 144 1135 246 Quansrrouns
1164 131 1572 232 'acenuutcsn
2081 145 2155 230 aas
2184 215 2186 228 .
2217 240 2222 254 p

517 309 705 400 Responsio.
1261 319 1358 395 Haec
1371 323 1578 395 brevissime
1596 349 1693 397 nune
1714 324 1883 418 respondi
1898 324 1943 396 de
1962 319 2021 397 tua
2040 349 2150 420 quae·
2272 383 2273 386 ,

217 412 336 488 Multa
358 411 450 487 mibi
467 422 635 511 cogitanti
652 425 697 494 de
717 417 783 494 hac
796 423 1020 518 quaestione,
1045 424 1107 494 lir-
1159 423 1292 512 stione,
1324 440 1358 496 et
1382 421 1473 496 hanc
1499 427 1770 520 explicationem
1797 427 2077 515 indicaveram,
2104 441 2149 524 ⁸et

111 515 269 588 missima
292 511 379 590 haec
404 524 589 614 responsio
611 525 770 607 videtur,
802 541 836 599 et
858 551 948 621 quae
977 527 1106 598 multas
1157 527 1226 619 piis
1241 529 1420 599 mentibus
1432 529 1621 600 salutarem
1634 551 1719 605 esse.

111 619 353 692 dubitationes
374 621 481 699 tollit.
531 623 683 698 Etiamsi
699 627 804 698 valde
828 629 940 700 multa
954 627 1052 700 Deus
1066 629 1105 699 in
1260 627 1371 701 Porrb
1386 631 1425 700 in
1440 631 1535 702 dicto
1548 628 1762 702 Nazianzeni
1776 632 1922 703 verbum
1938 643 1989 702 est
2009 635 2147 706 aulon·

109 723 278 794 omnibns
294 723 424 794 sanctis
439 725 557 812 efficit,
583 729 622 798 in
638 730 769 822 quibus
785 730 948 802 voluntas
966 743 1103 803 tantum
1154 726 1297 821 μένοις,
1324 735 1455 827 dequo
1473 732 1629 803 dubitari
1646 747 1778 824 potest.
1804 759 1850 803 an
1868 734 2020 804 voluerit
2037 734 2146 805 intel·

46 843 52 854 ¹
110 839 164 898 est
176 825 374 896 subiectum
390 828 544 918 patiens,
570 843 609 900 ut
626 855 706 900 cum
724 847 886 905 servatur
900 831 1029 902 Daniel
1047 833 1105 902 in·
1157 834 1238 922 ligi,
1261 834 1395 905 voeatis
1408 847 1470 905 aut
1485 833 1744 910 invocantibus.
1794 833 1885 907 Nam
1900 830 2145 906 hisdatDens

110 941 166 998 ter
203 927 342 1014 leones,
395 943 514 1000 tamen
552 933 672 1022 regula
711 934 960 1006 universaliter
999 935 1104 1004 nubis
1154 933 1328 1027 Spiritum
1352 949 1646 1030 sanctum‚=qnos
1669 953 1769 1010 vocat
1791 939 1875 1008 dato
1897 937 2019 1008 verbo.
2072 937 2145 1009 Sed

109 1031 262 1100 tenenda
277 1043 340 1103 est.
371 1030 534 1102 Audiens
548 1031 679 1124 Legem
694 1059 756 1106 seu
771 1033 1016 1126 Evangelium,
1042 1061 1103 1106 ve-
1153 1038 1638 1134 utrunquecomplectnmur,
1667 1053 1807 1110 vocatos
1823 1052 1858 1109 et
1878 1039 2094 1110 invocantes.

108 1131 152 1202 lit
176 1131 438 1218 obedientiam,
463 1147 498 1205 et
520 1149 616 1226 petat
636 1138 820 1212 auxilinm.
872 1136 915 1208 ld
936 1139 1103 1229 congruit
1254 1137 1347 1212 Cum
1372 1153 1491 1210 autem
1524 1152 1558 1210 et
1589 1165 1654 1210 nos
1680 1165 1742 1232 per
1766 1137 2003 1230 Evangelium
2029 1141 2145 1212 vocati

107 1236 154 1303 ad
183 1227 269 1304 haec
290 1233 399 1305 dicta:
432 1233 628 1309 Praecuntc
659 1238 791 1330 gratia,
823 1240 1015 1312 comitante
1038 1265 1103 1312 vn·
1152 1241 1282 1326 simus,
1311 1241 1365 1312 Te
1386 1265 1529 1312 oramus
1551 1243 1602 1311 lili
1624 1241 1692 1312 Dei
1713 1243 1866 1314 Domine
1888 1242 1966 1313 lesu
1990 1237 2144 1328 Christe,

106 1337 255 1408 luntate.
383 1377 384 1380 ¹
1063 1409 1067 1412 ,
1153 1344 1316 1413 crucifixe
1348 1367 1414 1435 pro
1444 1345 1568 1429 nobis,
1599 1344 1662 1438 qni
1689 1345 1825 1415 dixisti:
1860 1341 1989 1414 Venite
2014 1345 2057 1413 ad
2086 1368 2143 1415 me

211 1435 374 1534 Cumque
390 1439 556 1512 voluntas
570 1442 747 1530 luctatur,
772 1442 913 1535 signum
928 1458 998 1528 est,
1024 1467 1101 1513 eam
1152 1468 1293 1530 omnes,
1325 1444 1388 1538 qui
1409 1445 1601 1531 laboratis,
1626 1458 1668 1520 nt
1689 1446 1888 1518 miserearis
1912 1446 2043 1526 nostri,
2076 1467 2142 1516 nos

106 1567 128 1612 e
148 1540 227 1614 Deo
245 1536 351 1615 trahi.
393 1541 467 1632 Qui
482 1568 566 1614 vero
581 1561 763 1638 expectant
778 1547 955 1618 violentos
968 1562 1102 1640 captus,
1151 1548 1295 1632 doceas,
1319 1547 1513 1638 gubernes,
1537 1561 1572 1620 et
1587 1549 1711 1623 salves.

107 1659 148 1715 nt
164 1639 436 1728 Enthusiastac,
461 1659 496 1716 et
515 1645 798 1719 Stenckleldiani
820 1649 1035 1743 loquuntur,
1061 1643 1101 1717 hi

107 1761 256 1818 manent
270 1742 388 1816 hostes
402 1743 489 1833 Dei,
514 1762 550 1818 et
564 1745 680 1818 Deum
697 1745 896 1822 trahentem
911 1751 1100 1843 repellunt

210 1846 296 1918 ldeo
318 1847 432 1940 probo
456 1849 591 1920 dictum
613 1848 847 1937 Nazianzeni,
873 1853 936 1946 qui
957 1853 1101 1938 fatetur,
1163 1863 1230 1936 No.
1245 1861 1307 1934 71.
1971 1893 2020 1936 aa.
2046 1841 2143 1940 mss.

105 1949 176 2022 Dei
195 1975 302 2044 opera
327 1973 401 2020 esse
422 1950 571 2023 virtutes
594 1952 634 2022 in
654 1954 777 2040 nobis,
801 1955 863 2024 sed
877 1967 995 2026 tamen
1015 1949 1100 2024 haec
1156 1959 1330 1994 Μ
1964 1959 2137 1992 '‘³'‘

106 2053 200 2122 liunt
221 2054 289 2136 ita.
321 2065 362 2122 nt
383 2052 548 2124 voluntas
570 2054 724 2126 luctetur
744 2057 909 2128 assentiri
928 2053 1006 2128 Deo
1026 2069 1098 2127 tra·
1220 2077 1252 2134 1„
1271 2079 1400 2135 oration.
1421 2075 1454 2135 τ,
1468 2080 1502 2134 ν,
1523 2077 1598 2141 ,54
1615 2097 1677 2151 ,ῃ
1698 2089 1725 2136 ,2
1744 2079 1773 2137 ἰ,
1794 2080 1975 2139 orationibus
1996 2083 2142 2156 postremis

109 2147 230 2239 henti,
266 2167 301 2226 et
323 2175 430 2247 quam
455 2157 654 2228 verecunde
683 2159 823 2230 locutus
844 2157 909 2245 sit,
936 2157 1101 2230 conside·
1253 2147 1339 2221 ⁹0⁶⁶·
1372 2146 1501 2206 ffidffli·
1516 2146 1714 2222 T.11.p.592.

106 2259 262 2328 randum
285 2269 347 2326 est.
398 2253 482 2326 Nou
505 2259 592 2330 dicit
611 2283 710 2350 pares
733 2282 855 2334 causas
874 2283 950 2332 esse
970 2257 1101 2346 Deum,
1148 2307 1210 2382 Aa
1228 2311 1422 2382 Romam
1442 2301 1628 2402 Pontifex
1652 2313 1713 2382 m
1732 2306 1874 2383 habeat
1901 2252 2141 2406 mmm,

107 2372 144 2428 ‘²
164 2359 402 2476 v⁰¹⁰n¹³¹iffi
435 2373 475 2478 ut
505 2385 617 2454 ΨΜ
640 2363 712 2480 ἀῖω
735 2361 819 2455 ‘qui
850 2385 994 2432 “mum
1027 2375 1101 2434 ω’
1150 2409 1226 2484 dae
1249 2411 1635 2510 dignitatisltomam'
1657 2417 1967 2504 imperatoriam
1991 2419 2142 2489 Princi-

107 2453 222 2545 hunt,
255 2463 316 2530 sed
341 2461 556 2532 imbecillem
585 2475 750 2532 comitem
779 2485 853 2532 esse
879 2463 1099 2536 voluntatem
1465 2534 1558 2608 pum
1576 2511 1819 2588 mmmm?

109 2561 303 2650 significat,
335 2575 376 2632 ut
400 2585 480 2632 cum
503 2563 682 2634 volentem
708 2587 856 2657 puerum
879 2565 978 2636 ducit
995 2563 1101 2636 Pater

107 2665 293 2750 robustns3
311 2663 429 2758 inquit
445 2663 553 2751 enim,
569 2664 649 2734 dari
663 2666 810 2736 virtutes
822 2661 922 2740 οὕτω
937 2657 1100 2740 νεύουσι.
1149 2651 1243 2737 Non
1260 2675 1312 2734 est
1327 2661 1442 2733 nostri
1460 2663 1569 2734 cilicii
1583 2665 1628 2733 de
1644 2660 1759 2736 causis
1771 2663 1970 2756 disputare,
1996 2679 2141 2759 pmpter

107 2765 355 2836 Verecundius
370 2761 437 2836 hoe
453 2779 526 2852 est,
547 2767 701 2860 quamsi
722 2769 916 2840 latinorum
930 2791 1030 2843 mure
1043 2768 1099 2838 di·
1150 2789 1237 2859 ques
1260 2764 1462 2834 institutum
1484 2777 1556 2851 est,
1586 2779 1627 2836 ut
1652 2766 1691 2834 in
1711 2761 1779 2836 boc
1805 2768 1883 2837 loco
1914 2767 2072 2838 iuniores
2100 2769 2140 2838 in

106 2881 220 2946 ceret.
246 2867 540 2940 adsentientibus.
1149 2889 1314 2937 consessu
1330 2867 1517 2938 doctorum
1531 2890 1674 2954 senum,
1697 2867 1785 2939 etin
1799 2891 1925 2958 magna
1941 2869 2142 2962 frequentia

210 2967 294 3040 Non
315 2967 424 3060 igitur
448 2969 600 3040 docendi
628 2965 921 3054 suut-homines,
951 2982 992 3042 ut
1017 2971 1099 3042 illos
1149 2967 1288 3054 dicant,
1321 2969 1386 3040 etsi
1411 2968 1541 3039 nrultas
1573 2991 1647 3038 esse
1677 2993 1798 3052 causas
1822 2964 1988 3040 honestas
2013 2973 2141 3061 cogito.

106 3071 286 3142 violentos
310 3084 431 3164 raptus
463 3065 640 3164 prophani
667 3087 865 3164 expectent:
899 3075 961 3144 sed
988 3077 1097 3146 verbo
1149 3067 1221 3142 Sed
1235 3071 1415 3140 nosdecet
1430 3071 1588 3140 modeste
1606 3070 1744 3161 legibus
1761 3085 1797 3142 et
1809 3071 2056 3142 consuetudini
2072 3075 2141 3142 ob-

104 3171 175 3246 Dei
197 3173 310 3243 velint
329 3170 494 3253 obedire,
528 3187 563 3246 et
583 3185 705 3267 petant
725 3175 911 3250 auxilium.
962 3175 1099 3247 Stoicas
1148 3185 1363 3264 temperare,
1395 3173 1491 3265 quud
1515 3185 1557 3244 ut
1581 3175 1780 3244 verecunde
1797 3197 1855 3242 me
1876 3174 1988 3244 lacere
2005 3173 2141 3245 intelli-

107 3275 214 3346 etiam
228 3274 498 3365 imaginationes
507 3276 697 3368 deponant,
715 3301 805 3371 quae
818 3277 967 3367 lingunt,
981 3275 1098 3350 Deum
1149 3273 1256 3364 gatis,
1280 3274 1435 3366 primum
1452 3301 1472 3344 a
1488 3273 1592 3344 vobis
1614 3287 1716 3366 peto,
1740 3289 1781 3348 ut
1801 3299 1858 3345 me
1879 3275 2056 3369 patienter
2074 3301 2141 3348 au·

104 3377 232 3450 fatales
245 3376 383 3450 tabulas
395 3375 586 3470 scripsisse,
599 3379 638 3450 in
652 3377 782 3473 quibus
792 3379 996 3472 aliquorum
1009 3390 1099 3449 ami-
1148 3375 1274 3458 distis,
1299 3375 1430 3444 deinde
1451 3388 1492 3446 ut
1508 3375 1705 3446 orationem
1727 3376 1920 3448 iuvenilem
1943 3377 2031 3449 boni
2052 3402 2142 3450 con-

105 3482 229 3550 coru'm
250 3479 398 3552 nomina
419 3481 655 3554 annotaverit.
705 3477 801 3552 Hinc
824 3480 941 3552 oritur
954 3480 1098 3552 dubita·
1148 3476 1283 3548 solatis.
1333 3472 1399 3548 Est
1429 3469 1498 3546 hoc
1523 3499 1667 3570 quoque
1696 3478 1905 3564 modestiae,
1938 3503 2062 3550 cavere
2093 3507 2141 3552 ne

105 3581 177 3667 tio,
201 3605 250 3652 an
272 3595 307 3653 et
328 3593 431 3652 tuum
452 3604 586 3650 nomen
606 3581 823 3672 adscriptum
847 3582 912 3668 sit,
940 3575 1008 3652 hac'
1028 3584 1097 3654 du·
1148 3578 1284 3670 prolixe
1308 3577 1462 3648 dicendo
1486 3577 1609 3648 videar
1630 3573 1720 3646 mihi
1743 3577 1862 3671 inepte
1891 3579 2037 3670 placere.
2091 3579 2142 3655 Ut

104 3681 279 3754 bitatione
300 3681 460 3772 extingui
481 3683 586 3752 iidem
608 3682 836 3755 manifestum
853 3697 918 3760 est.
969 3681 1097 3776 Oppo·
1148 3680 1257 3770 igitur
1269 3679 1438 3751 usitatum
1453 3692 1516 3764 est,
1533 3680 1773 3774 quaestionem
1787 3703 1964 3772 propono:
1990 3675 2142 3754 AnRo-

103 3810 234 3856 namus
247 3785 356 3876 igitur
370 3775 638 3876 promissiones,
662 3809 753 3878 qnae
768 3809 849 3856 cum
866 3785 938 3856 sint
950 3784 1098 3856 univer·
1148 3803 1284 3851 manus
1299 3773 1481 3879 Pontifex
1492 3779 1552 3851 ius
1566 3773 1704 3852 haheat
1715 3775 1998 3880 transferendae
2012 3777 2141 3878 degni-

104 3887 214 3968 sales,
239 3901 275 3959 te
293 3909 436 3982 qnoque
457 3885 494 3956 in
519 3884 759 3958 universalem
779 3910 901 3957 vocem
925 3887 1097 3974 includas,
1148 3881 1241 3954 tntis
1252 3877 1427 3954 Romani
1443 3877 1688 3979 Imperatoris
1709 3891 1742 3954 et
1758 3875 1972 3979 Principum
1989 3880 2140 3958 Electo-

105 4013 171 4059 nec
186 3989 315 4080 lingas,
339 3988 379 4058 in
395 3987 471 4060 Deo
488 3988 780 4060 contradictorias
795 3989 995 4062 voluntates
1011 4011 1096 4060 ease.
1149 4007 1242 4058 rum.
1282 3984 1365 4060 Scio
1381 3983 1659 4077 disputationem
1676 3987 1722 4056 ‹le
1736 4010 1774 4056 re
1790 3997 1887 4057 tauta
1904 3987 2015 4077 magis
2029 3987 2141 4081 perti-

105 4088 223 4162 Verax
238 4091 371 4182 legatus
385 4102 439 4162 est
458 4089 553 4160 lilius
567 4089 652 4175 Dei,
677 4089 739 4186 qui
762 4087 1033 4182 promissionem
1056 4115 1097 4162 ex
1147 4111 1232 4158 nere
1246 4088 1292 4159 ad
1307 4111 1529 4158 summorum
1544 4083 1753 4180 Principum
1772 4087 1941 4179 consilia,
1962 4113 2070 4183 quam
2092 4095 2140 4164 ad

102 4191 186 4264 sinu
207 4193 342 4266 aeterni
367 4189 482 4264 Patris
505 4192 675 4284 protulit,
697 4206 733 4265 et
746 4192 883 4287 inquit:
906 4189 1035 4264 Venite
1050 4193 1097 4264 ad
1147 4189 1321 4260 iuveniles
1329 4187 1614 4271 declamationes,
1626 4201 1746 4263 tamen
1754 4214 1834 4262 cum
1847 4185 2037 4265 hisdiebus
2046 4187 2141 4264 Ger·

101 4317 160 4364 me
177 4317 320 4382 omnes,
344 4293 407 4388 qni
420 4292 602 4370 laboratis.
819 4377 821 4381 v
1147 4290 1285 4362 maniae
1301 4287 1485 4382 Principes
1505 4292 1550 4362 ad
1565 4291 1857 4364 deliberationem
1871 4296 1916 4364 de
1931 4315 1970 4364 re
1987 4293 2139 4366 maxima

207 4395 331 4482 Fines,
355 4393 473 4492 inquit
497 4391 649 4482 Paulus,
680 4419 723 4466 cx
744 4394 871 4466 auditu
891 4407 962 4481 est,
994 4395 1098 4466 audi-
1147 4392 1379 4475 conveniant,
1402 4391 1535 4464 iustum
1550 4405 1601 4463 est
1615 4415 1682 4464 nos
1699 4417 1842 4479 omnes,
1866 4407 2016 4466 aeneset
2036 4393 2139 4466 inve-

102 4512 163 4568 tns
177 4501 403 4592 perverbum
420 4493 499 4569 Dei.
532 4495 607 4586 Qui
621 4497 839 4570 voluntatem
853 4493 921 4568 Dei
934 4521 1010 4566 non
1024 4510 1097 4568 tra·-
1147 4517 1211 4565 nes
1234 4493 1441 4566 ardentibus
1466 4494 1558 4566 votis
1580 4493 1696 4568 Deum
1730 4495 1887 4588 precari,
1920 4509 1961 4567 ut
1988 4495 2138 4568 consilia

103 4597 217 4671 (litam
238 4601 277 4672 in
303 4601 431 4686 verbo,
456 4611 653 4693 quaerunt,
678 4601 779 4693 quod
794 4599 930 4671 iaciunt
952 4594 1097 4670 Enthu-
1147 4594 1355 4689 Principum
1373 4595 1564 4686 gubernet,
1595 4609 1631 4667 et
1652 4598 1785 4689 patriae
1805 4610 1945 4668 nostrae
1966 4621 2085 4688 pacem
2102 4611 2139 4672 et

102 4703 251 4795 siccatae,
278 4725 434 4798 quonam
453 4699 590 4772 ruunt?
619 4695 668 4772 Et
689 4725 770 4770 cum
790 4701 902 4772 dicat:
927 4699 1034 4770 Fides
1055 4725 1096 4770 ex
1144 4699 1335 4770 salutarem
1369 4698 1663 4789 gubernationem
1693 4699 1837 4770 tribuat.
1889 4695 1931 4768 ld
1956 4712 1995 4769 nt
2021 4698 2140 4788 iaciat,

100 4805 230 4878 auditu
255 4819 326 4892 est,
357 4803 576 4894 intelligatur
596 4802 674 4873 eius
693 4825 767 4874 esse
793 4801 898 4888 lides,
931 4801 994 4897 qui
1018 4803 1097 4875 vult
1145 4813 1221 4872 toto
1237 4813 1377 4892 pectore
1397 4823 1479 4870 eum
1496 4823 1573 4872 oro.
1626 4797 1668 4871 ln
1685 4795 1750 4880 hac
1765 4799 1977 4890 cogitatione
1995 4816 2139 4875 nonest

99 4907 246 4994 audire,
267 4932 342 4978 non
357 4907 418 5001 qui
435 4917 619 4998 repugnat.
1145 4901 1432 4994 intempestivum
1446 4901 1553 4972 simul
1568 4903 1612 4972 de
1627 4901 1823 4972 mutatione
1837 4900 1964 4973 veteris
1981 4899 2138 4996 imperii,

205 5009 487 5082 similitudinem
502 5009 548 5077 de
564 5007 658 5091 luto,
684 5029 730 5076 ne
751 5004 826 5100 ipse
840 5005 984 5100 quidem
1000 5003 1095 5076 Pan-
1144 5001 1237 5076 etde
1255 5017 1417 5076 veterum
1435 4999 1699 5074 Germanorum
1716 5003 1866 5089 virtute,
1891 5017 1925 5076 et
1942 5005 1988 5074 de
2005 4999 2137 5076 horum

100 5113 159 5184 lus
182 5115 272 5183 adeo
295 5111 434 5184 duriter
456 5109 729 5201 interpretatur,
753 5123 795 5180 nt
815 5109 1036 5180 voluntatem
1056 5108 1095 5176 in
1143 5105 1340 5177 recentium
1366 5103 1579 5176 Pontificum
1602 5104 1745 5175 audacia
1772 5105 1943 5194 cogitare,
1976 5108 2038 5201 qni
2063 5131 2137 5176 uon

101 5216 205 5286 malis
228 5209 320 5286 nihil
343 5234 446 5308 agere
467 5209 659 5302 existimet,
680 5217 741 5284 sed
765 5223 903 5282 tantum
920 5209 1027 5302 fingi,
1053 5222 1095 5282 ut
1144 5231 1241 5278 nunc
1255 5205 1430 5298 primum,
1456 5207 1636 5276 sedantes
1655 5204 2137 5300 qnoqueconattsuntsser-,
2238 5241 2244 5252 ·

48 5321 52 5326 ’
96 5323 229 5396 lutum,
850 5401 854 5408 Ι
1142 5309 1302 5380 maniam
1339 5309 1502 5390 turbare,
1539 5319 1673 5380 mutata
1708 5309 1822 5380 forma
1855 5307 2137 5402 gnbernitionis.

1987 1740 2142 1758 ψ
