4884 5950
152 112 237 252 Did

162 355 280 424 deret:
307 364 340 422 et
358 366 477 424 tamen
494 374 571 422 mea
586 350 830 438 imbecillitas,
857 367 891 424 et
904 380 1024 426 rerum
1041 356 1155 448 impe-

161 455 244 526 ritia
260 449 350 524 mihi
364 479 438 544 non
455 455 575 544 ignota
593 468 656 527 est.
695 453 787 528 Cum
807 457 960 547 primum
978 454 1047 528 huc
1064 461 1157 543 veni,

162 557 312 650 promisi
327 581 384 626 me
401 552 509 628 huius
523 553 736 628 Academiae
757 561 1056 647 gubernatoribus
1071 563 1156 630 obe-

162 659 320 730 dientem
334 657 420 732 sore.
468 657 588 748 Quare
600 661 826 732 autoritatem
844 675 995 732 vestram
1011 687 1087 733 non
1101 663 1158 732 fa-

162 761 410 850 ciledeiugere
424 785 581 852 possum.

263 891 342 964 Etsi
357 894 466 985 igitur
480 919 537 964 me
553 895 701 966 minime
716 897 886 966 idoneum
901 899 944 967 ad
962 892 1054 967 hanc
1071 899 1150 967 sun-

161 997 315 1068 ctionem
339 1020 412 1066 esse
436 997 615 1086 intelligo,
647 1013 681 1068 et
700 1001 747 1068 ob
770 1023 844 1067 eam
864 1023 1003 1068 eausam
1028 1001 1154 1070 merito

161 1099 261 1168 illam
288 1101 481 1168 detrectare
505 1101 656 1191 possim,
691 1115 809 1172 tamen
839 1125 884 1174 ne
905 1101 1006 1170 vobis
1034 1103 1153 1172 minus

53 1271 56 1288 Ι
162 1202 350 1285 obediens,
374 1215 434 1270 ant
454 1213 641 1270 contumax
660 1227 732 1274 esse
749 1203 886 1286 videar,
910 1205 1004 1296 qnod
1022 1201 1097 1273 Deo
1115 1225 1154 1273 ac

160 1301 401 1394 Redemptore
427 1315 549 1372 nostro
572 1306 648 1372 lesu
668 1301 811 1375 Christo
834 1305 923 1374 duce
948 1317 983 1374 et
1013 1306 1154 1396 auspice

159 1406 245 1476 felix
266 1406 492 1496 faustumque
517 1405 579 1488 sit,
610 1419 745 1476 vestrae
769 1405 943 1498 voluntati
973 1407 1155 1497 obtempe-

160 1507 269 1591 rabo,
300 1507 409 1574 fretus
440 1507 684 1576 benevolentia
710 1521 842 1590 vestra,
875 1504 1035 1601 mihique
1058 1523 1154 1578 certo

159 1610 396 1703 persuadenst
429 1631 492 1677 vos
514 1621 549 1677 et
578 1610 729 1678 candido
755 1611 801 1677 de'
821 1633 877 1677 me
902 1609 1033 1679 iudicio
1058 1605 1154 1680 burte

160 1710 325 1784 Rectoris
349 1709 492 1779 titulum
516 1722 620 1803 alque
646 1711 800 1780 officium
828 1713 870 1778 ad
899 1735 954 1780 me
978 1711 1156 1796 detulisse,

162 1814 249 1884 etin
266 1807 331 1880 bae
346 1811 622 1900 gubernatione,
645 1826 719 1884 tum
735 1836 811 1896 me,
839 1825 913 1884 tum
932 1837 1026 1894 eum,
1048 1838 1152 1906 qoem

159 1910 250 1984 milti
267 1913 469 1984 adiuncturi
492 1913 593 1994 estis,
619 1929 735 1984 vestro
748 1905 916 1996 consilio,
943 1915 1153 2008 praesentia,

160 2039 267 2107 opera
282 2028 316 2086 et
328 2007 517 2092 autoritate
532 2015 682 2104 laenigne
695 2015 880 2086 adiuturos
895 2039 979 2086 esse.

262 2146 378 2218 Deum
402 2161 584 2216 aeternum
610 2162 744 2240 patrem
770 2145 917 2216 Domini
941 2149 1054 2219 nostri
1074 2145 1153 2218 lesu

80 2303 81 2306 κ
159 2245 296 2324 Christi
312 2261 386 2318 toto
405 2263 544 2339 pectore
558 2275 632 2335 oro,
657 2265 695 2319 ut
713 2275 775 2340 per
789 2245 855 2320 hoc
877 2256 1039 2320 semestre
1055 2265 1153 2322 tran-

160 2351 373 2448 quillitatem
390 2346 446 2420 his
462 2351 666 2441 regionibns
680 2356 862 2435 concedat,
883 2365 917 2420 et
934 2345 1025 2422 hanc
1041 2348 1154 2424 Scho-

160 2456 231 2524 lam
255 2477 390 2546 nosque
415 2477 538 2523 omnes
559 2455 750 2524 clementer
774 2450 966 2544 gubernet,
993 2467 1155 2546 protegat

161 2569 196 2628 et
211 2569 403 2628 conservet.
456 2554 550 2630 Dixi.
997 2567 1002 2578 '

844 2930 900 2992 17.
923 2921 1009 3006 Sept.
1031 2923 1128 2988 1559.

173 2913 239 2988 No.
257 2913 320 2987 41.

165 3011 339 3040 w
808 3023 1148 3058 w

229 3129 260 3185 ln
279 3129 445 3186 Orationem
465 3129 499 3188 T.
515 3130 545 3185 V.
565 3149 592 3201 p.
605 3131 678 3186 ttts
721 3169 744 3200 .,
767 3129 795 3184 io
818 3129 1002 3188 Orationibus
1023 3139 1154 3201 postrem.

261 3218 289 3273 p.
304 3199 363 3258 158.
377 3211 403 3254 et
416 3199 487 3282 apud
501 3199 630 3257 Richard.
644 3150 721 3258 T.ll.
737 3220 765 3272 p.
778 3201 838 3254 toa.

159 3363 290 3434 Oratio
308 3383 333 3433 o
349 3359 683 3453 Gltcistopltoro
700 3363 935 3459 Burggrovt'o
956 3383 981 3432 o
998 3354 1151 3450 Dlton,

156 3465 311 3537 Boccare
321 3471 393 3536 etc.
408 3463 818 3547 Academioeltectore‚
843 3461 1082 3536 debilitante
1099 3464 1153 3534 ie-

181 3589 273 3668 pram
286 3565 598 3639 scholasticorum
610 3569 906 3660 praelectionem
927 3563 982 3638 l'i.
1000 3563 1127 3657 Septb.

655 177 966 274 ALLOQUlA
991 179 1067 258 ET
1099 177 1333 258 BREVES
1366 175 1721 261 CONClONES.

2122 189 2199 266 986

1208 355 1355 443 cogitate
1376 349 1540 427 homines
1560 381 1635 427 non
1655 357 1817 430 conditos
1840 377 1940 447 esse‚·
1960 373 2001 434 ttt
2021 364 2196 454 pecudum

1208 481 1305 526 more
1329 473 1501 548 vagentur
1524 459 1600 530 sine
1624 461 1781 552 legibus,
1814 475 1848 532 et
1864 463 1940 534 sine
1964 465 2196 557 cupiditatum

1208 559 1334 644 irenis,
1361 563 1420 630 sed
1439 557 1515 630 Deo
1537 562 1675 643 vivere,
1698 577 1734 634 et
1754 565 1881 634 debere
1903 565 1978 636 Deo
1999 567 2197 638 conformes

1207 683 1293 746 esse,
1308 661 1475 732 cum‘sint
1488 663 1659 753 imagines
1673 665 1758 750 eius,
1773 680 1807 736 et
1821 666 1967 741 velitab
1983 668 2032 736 eis
2046 665 2197 758 agnosci,

1206 775 1246 834 ut
1260 786 1334 832 sese
1349 762 1399 832 eis
1415 767 1675 856 communicare
1692 759 1905 858 possit,'eos
1925 770 2140 859 gubernare,
2162 783 2197 842 et

1206 873 1367 956 spargere
1386 867 1422 934 in
1442 889 1501 934 eos
1518 890 1601 937 suae
1618 869 1725 952 lucis,
1751 870 1960 960 sapientiae,
1986 884 2022 942 et
2037 869 2196 942 institiae

1205 969 1332 1037 radios.
1385 965 1522 1037 Deinde
1546 983 1579 1039 et
1606 965 1674 1040 hoc
1698 971 1864 1060 cogitate,
1891 969 2100 1042 Academias
2122 997 2197 1044 non

1205 1069 1334 1138 debere
1357 1065 1570 1158 Gigantum,
1597 1086 1658 1142 aut
1675 1069 1868 1166 Cyelopum
1893 1074 2083 1146 exercitum
2109 1097 2195 1158 esse,
2280 1074 2287 1086 '

1206 1183 1267 1240 aut
1283 1169 1401 1239 Circes
1416 1172 1616 1256 stabulum,
1642 1176 1702 1242 sed
1720 1173 1783 1244 Dei
1809 1175 1997 1266 templum,
2021 1175 2059 1244 in
2076 1201 2146 1269 quo
2162 1189 2196 1248 et

1206 1267 1341 1344 ltabitet
1358 1269 1472 1356 Deus,
1498 1286 1530 1342 et
1546 1275 1677 1345 assidui
1698 1275 1771 1347 sint
1789 1277 1873 1346 casti
1891 1274 2019 1367 Angeli
2041 1290 2197 1368 tegentes

1206 1374 1344 1444 infirma
1361 1397 1508 1464 corpora
1525 1390 1649 1446 vestra.
1701 1374 1754 1447 Ac
1771 1378 1995 1448 manifestum
2013 1392 2073 1465 est,
2099 1380 2196 1450 mul-

1204 1488 1321 1545 torum
1346 1477 1385 1544 in
1411 1471 1474 1546 ltac
1489 1471 1680 1547 Academia
1695 1493 1840 1552 aetatem
1862 1481 1968 1549 talem
1987 1502 2080 1566 esse,
2105 1505 2196 1574 quae

1205 1601 1286 1646 vere
1303 1591 1355 1648 est
1369 1579 1589 1650 domicilium
1605 1579 1688 1665 Dei,
1713 1593 1747 1650 et
1765 1607 1783 1648 a
1798 1583 1902 1652 castis
1916 1581 2064 1670 Angelis
2078 1595 2196 1653 custo-

1205 1679 1321 1764 ditur,
1344 1679 1434 1748 sicut
1457 1680 1709 1772 scriptumest:
1738 1681 1865 1772 Arigali
1891 1707 2014 1753 eorum
2034 1684 2071 1753 in
2089 1683 2196 1756 coelis

1205 1804 1344 1871 semper
1359 1781 1481 1851 vident
1497 1782 1620 1852 faciem
1637 1783 1757 1874 patris.
1793 1783 1931 1854 Horum
1949 1785 2078 1878 teneris
2095 1799 2196 1855 mert-
2267 1847 2295 1858 -

1204 1883 1300 1954 tibus
1315 1884 1471 1971 profecto
1487 1907 1625 1954 necesse
1642 1899 1693 1956 est
1713 1885 1869 1956 inserere
1886 1907 1987 1956 veras
2003 1881 2195 1957 sententias

1116 2074 1118 2085 .
1206 1987 1249 2053 cle
1278 1984 1369 2068 Deo,
1409 1987 1453 2054 de
1481 1985 1615 2075 legibus
1640 1984 1725 2071 Dei,
1766 1991 1809 2058 cle
1837 1989 2117 2078 magistratibus,
2150 1991 2195 2060 de

1205 2086 1405 2177 disciplina.
1441 2083 1580 2154 Horum
1597 2089 1706 2156 animi
1726 2091 1994 2175 praemuniendi
2009 2104 2093 2161 sunt
2108 2115 2195 2160 con-

1204 2201 1257 2257 tra
1273 2188 1363 2256 mala
1382 2188 1560 2278 exempla,
1587 2202 1622 2258 et
1639 2191 1852 2280 perniciosas
1868 2193 2068 2284 opiniones.
2109 2191 2194 2264 ldeo

1205 2289 1344 2360 assidue
1368 2303 1577 2380 repetuntur
1605 2291 1642 2360 in
1670 2295 1915 2382 congressibus
1942 2294 2073 2366 nostris
2095 2318 2195 2364 com-

1204 2391 1500 2472 monefactiones,
1533 2415 1613 2462 cum
1639 2395 1683 2462 de
1705 2397 1851 2464 caeteris
1865 2397 1971 2465 rebus
1993 2395 2195 2486 cognitione

1204 2493 1341 2584 dignis,
1368 2507 1444 2564 tum
1461 2516 1545 2562 vero
1567 2506 1602 2562 et
1622 2496 1667 2564 de
1687 2495 1889 2567 obedientia
1907 2497 2001 2581 Deo,
2026 2509 2060 2568 et
2082 2497 2194 2588 magi·
2307 2566 2315 2576 ,

1202 2595 1370 2666 stratibus
1394 2594 1524 2668 debita.
1577 2593 1795 2666 Grandiores
1817 2599 1922 2668 etiam
1949 2600 2122 2682 obtestor,
2154 2613 2195 2672 ut

1204 2711 1239 2767 et
1271 2696 1338 2788 ipsi
1374 2697 1486 2766 velint
1516 2719 1591 2766 esse
1620 2700 1842 2770 domicilium
1866 2699 1949 2784 Dei,
1981 2714 2016 2771 et
2039 2701 2195 2790 cogitent

1203 2823 1310 2892 qoem
1335 2798 1504 2868 miserum
1528 2812 1563 2870 et
1584 2793 1803 2871 horrendum
1825 2802 1871 2871 sit
1894 2825 2036 2872 manere
2056 2797 2192 2872 hostem

1202 2899 1290 2985 Dei,
1311 2899 1493 2992 aspernari
1509 2902 1716 2990 sanguinem
1737 2905 1801 2972 lilii
1819 2901 1903 2988 Dei,
1926 2927 1999 2974 esse
2019 2926 2191 2994 organum
2262 2935 2267 2948 ·

1203 3003 1451 3088 diabolorum,
1481 3002 1545 3093 qui
1567 3003 1695 3094 impios
1721 3006 1759 3073 in
1781 3007 1891 3076 multa
1915 3006 2065 3090 scelera,
2097 3019 2131 3077 et
2153 3005 2191 3074 in

1203 3103 1419 3175 tristissimas
1440 3128 1647 3197 corporum,
1673 3119 1707 3176 et
1724 3109 1923 3177 animarum
1939 3129 2071 3200 poenas
2090 3131 2193 3200 prae-

1205 3206 1370 3298 cipitant;
1405 3229 1527 3276 omnes
1548 3207 1657 3296 igitur
1672 3233 1793 3278 vocem
1810 3205 1877 3279 Dei
1897 3211 2102 3294 audiamus,
2128 3209 2192 3304 qui

1202 3310 1339 3401 inquit:
1365 3304 1627 3378 Convertimini
1649 3309 1692 3380 ad
1715 3335 1791 3396 me,
1816 3324 1929 3400 elego
1948 3312 2192 3383 convertarad

1204 3433 1278 3490 vos,
1302 3423 1337 3480 et
1351 3411 1557 3480 ardentibus
1572 3411 1664 3482 votis
1678 3409 1781 3482 aDeo
1798 3428 1969 3504 petamus,
1994 3427 2035 3485 nt
2050 3427 2194 3506 propter

1202 3511 1314 3578 lilium
1332 3533 1398 3579 nos
1411 3511 1601 3581 clementer
1616 3513 1771 3604 recipiat,
1786 3513 1966 3604 etSpiritu
1982 3541 2046 3585 suo
2059 3529 2193 3604 sancto,
2262 3537 2266 3544 ·

1202 3626 1297 3682 casto
1313 3625 1348 3683 et
1364 3611 1479 3680 veraci
1496 3613 1680 3702 gubernet.
1714 3613 1847 3682 Misera
1863 3612 2049 3684 hominum
2066 3629 2192 3687 natura

1201 3713 1304 3784 iacile
1326 3715 1465 3784 aberrat
1487 3727 1618 3784 arecto
1642 3739 1702 3784 sua
1721 3715 1936 3786 infirmitate.
1989 3713 2032 3786 Et
2051 3716 2194 3788 verissi-

1202 3839 1299 3886 mum
1316 3829 1367 3886 est
1381 3815 1469 3885 illud
1486 3815 1745 3890 Simonideum.
1794 3815 1876 3887 Non
1899 3819 2002 3888 facilc
2020 3831 2071 3888 est
2095 3818 2191 3889 nasei

156 3699 259 3790 (ium
273 3715 359 3786 velit
375 3711 471 3784 Deus
486 3727 606 3783 coetus
625 3737 697 3784 esse
718 3713 921 3790 docentium
951 3729 985 3786 et
1013 3715 1152 3784 discen-

157 3819 249 3890 tium
260 3817 380 3910 „quia
394 3840 479 3885 voce
498 3816 637 3894 divina,
664 3828 699 3885 et
715 3839 788 3884 non
807 3815 910 3884 aliter
925 3829 1065 3886 aeterna
1081 3813 1150 3887 Ec·

158 3919 264 3991 clesia
286 3915 363 3988 Deo
390 3917 587 4008 colligitur,
620 3904 777 3986 amemu's
804 3931 837 3987 et
866 3915 940 4007 ipsa
966 3919 1150 3989 doctrinae
1199 3909 1457 4015 τετράγωνον,
1490 3918 1527 3988 id
1549 3930 1618 4002 est,
1648 3919 1854 4009 perlectum.
1911 3919 1981 3992 Sed
2003 3935 2121 3991 tamen
2151 3920 2190 3989 in

157 4020 293 4104 studia,
329 4033 364 4090 et
399 4013 484 4089 haec
517 4020 657 4109 agmina
692 4017 843 4088 sciamus
868 4013 997 4088 babere
1023 4023 1148 4090 clucem
1201 4019 1331 4090 teneris
1345 4019 1473 4088 animis
1490 4020 1640 4090 multum
1661 4021 1698 4088 in
1714 4015 1889 4114 utranque
1903 4035 2037 4113 partem
2055 4021 2192 4092 doctri-

158 4119 271 4193 lilium
294 4119 361 4191 Dei
383 4113 498 4218 λόγου
521 4121 654 4190 aeterni
678 4121 806 4210 patris,
835 4135 868 4191 et
891 4117 1046 4192 honestis
1063 4123 1149 4212 legi·
1202 4121 1367 4194 navalet.
1421 4121 1530 4191 Dulce
1552 4136 1603 4192 est
1626 4121 1799 4193 libertatis
1822 4147 1975 4210 nomen,
2007 4137 2041 4194 et
2066 4148 2189 4194 vertam

157 4225 244 4310 bus,
279 4247 319 4292 ac
352 4223 538 4314 disciplina
567 4222 763 4292 consociata
801 4247 874 4292 csse
901 4238 1082 4313 oportere,
1117 4239 1150 4294 et
1200 4237 1251 4293 est
1273 4223 1364 4292 illud
1380 4219 1532 4292 Lucani:
1561 4221 1753 4296 Libertatis
1776 4223 2192 4296 amortotumcurdeci-

101 4355 109 4370 ·
157 4349 281 4402 eorum
307 4325 595 4394 coniunctionem
628 4325 795 4394 omnibus
830 4324 955 4394 officiis
981 4329 1147 4394 tuendam
1201 4323 1254 4416 pis
1269 4324 1417 4394 orbem?
1443 4327 1537 4418 qnod
1561 4325 1691 4394 rectius
1707 4326 1756 4394 sic
1773 4327 1965 4398 diceretur:
1999 4327 2191 4397 Libertatis

157 4451 244 4500 esse.
297 4425 382 4496 ldeo
404 4425 507 4494 vobis
520 4427 623 4515 leges
645 4425 866 4520 recitantur,
880 4451 1029 4520 qttarom
1048 4453 1148 4518 prae·
1199 4450 1299 4496 amor
1314 4427 1461 4496 stultum
1479 4451 1541 4496 cur
1555 4427 1688 4516 decipis
1702 4429 1850 4496 orbem?
1875 4426 1991 4498 Avide
2010 4428 2119 4518 igitur
2132 4453 2191 4498 ac-

157 4531 282 4623 cipuae
309 4542 392 4598 sunt
418 4528 491 4619 ipsa
522 4553 591 4598 vox
617 4525 804 4617 Decalogi,
838 4543 875 4599 et
900 4543 982 4598 sunt
1007 4529 1148 4600 additae
1199 4529 1381 4619 cipiuntur
1404 4527 1486 4596 illae
1510 4529 1718 4610 tribunitiae
1735 4531 1941 4614 conciones,
1970 4553 2060 4623 quae
2080 4528 2190 4600 liber-

154 4632 327 4726 quaedam
343 4631 388 4698 de'
400 4631 622 4712 executione,
648 4653 753 4722 quam
770 4630 870 4698 Deus
888 4627 1148 4719 magistratibus
1199 4644 1305 4700 tatem
1331 4629 1565 4720 amplificant,
1593 4645 1626 4700 et
1652 4633 1770 4702 scenos
1787 4631 2039 4720 cupiditatibus
2061 4631 2190 4717 laxant,

115 4749 124 4760 “
154 4732 352 4808 mandavit.
410 4729 517 4802 Scitis
544 4731 639 4800 enim
665 4730 788 4800 deberi
809 4732 1047 4802 obedientiam
1074 4731 1153 4822 pri!
1191 4731 1317 4825 ‘qualis
1346 4725 1432 4800 haec
1458 4745 1510 4802 est
1536 4733 1659 4802 concio
1686 4729 1901 4825 Cynicorum
1921 4733 2055 4824 potius
2081 4759 2187 4827 quam

153 4857 255 4906 snum
270 4831 358 4916 Deo',
383 4833 512 4902 deinde
527 4833 759 4921 magistratui,
785 4857 891 4927 quarn
909 4846 950 4904 ut
965 4835 1146 4925 praestetis
1196 4829 1501 4918 Christianorum,
1527 4857 1617 4926 quae
1635 4835 1847 4904 vociferatur
1864 4829 1956 4904 ltane
1975 4835 2189 4927 propositio-

150 4957 300 5010 roovere
315 4959 377 5002 vos
391 4935 496 5005 debet
515 4934 686 5004 autoritas
700 4934 838 5018 divina,
864 4958 954 5028 quae
974 4939 1019 5004 de
1034 4933 1147 5006 Deca·
1198 4959 1280 5003 nem
1293 4934 1416 5004 falsam
1432 4959 1521 5004 esse:
1545 4937 1644 5005 Bona
1660 4961 1764 5026 opera
1780 4950 1862 5006 sunt
1877 4938 2081 5009 necessaria.
2114 4937 2189 5007 Mi-

151 5040 236 5130 logo
258 5037 392 5130 inquit:
421 5041 460 5104 ln
478 5035 670 5128 praeceptis
689 5037 776 5104 meis
798 5036 986 5108 arrtbulate.
1038 5035 1085 5107 Et
1102 5041 1146 5107 de
1197 5034 1335 5108 rabitur
1351 5037 1533 5126 posteritas
1551 5037 1657 5106 luisse
1673 5038 1828 5106 seculum
1844 5051 1914 5106 tam
1932 5039 2122 5122 suariorum,
2148 5040 2186 5108 iu

154 5139 323 5230 legitimis
345 5139 605 5227 magistratibus
630 5137 694 5206 ait:
726 5135 872 5207 Necesse
896 5151 968 5223 est,
990 5140 1146 5224 obedire,
1195 5163 1267 5232 quo
1281 5137 1362 5208 talis
1376 5139 1514 5208 insania
1531 5137 1757 5230 applausores
1773 5135 1949 5214 babttecit.
1985 5139 2055 5212 Sed
2071 5140 2187 5209 videte

154 5266 230 5314 non
252 5242 367 5312 solum
389 5251 535 5331 propter
555 5242 663 5325 bam,
689 5241 748 5308 sed
774 5239 877 5308 etiam
899 5254 1043 5331 propter
1058 5265 1145 5310 con·
1196 5239 1474 5333 impudentiam,
1509 5254 1550 5311 ut
1582 5239 1765 5310 stabiliant
1792 5235 1859 5310 hoe
1885 5255 2014 5312 tetrum
2040 5242 2206 5338 menda-q

153 5345 347 5416 scientiam.
402 5339 499 5414 llaec
512 5341 605 5412 dicta
620 5342 691 5413 siut
705 5341 805 5412 vohis
820 5364 966 5412 normae
982 5343 1087 5429 vitae,
1111 5357 1146 5416 et
1195 5341 1310 5429 cium,
1341 5355 1489 5414 assuunt
1520 5341 1706 5412 manifeste
1740 5344 1928 5438 depravata
1953 5341 2058 5412 Pauli
2084 5341 2189 5430 dicta,
