4882 5950
149 225 227 312 998

530 405 737 474 'Secunda
783 467 787 476 .

253 520 470 644 Quicunque
494 548 606 640 igitur
620 549 758 621 venerit
780 549 819 618 in
836 544 1082 639 Academiam,
1107 565 1162 625 et-

149 653 266 727 studia
292 677 354 724 sua
378 653 436 744 pie
461 653 649 723 instituere
676 652 789 737 volet,
814 651 971 744 primum
989 653 1139 744 cogitata

149 753 219 826 Dei
242 755 444 854 voluntate,
480 769 513 826 et
539 755 729 846 implorato
759 754 835 823 eius
866 755 1020 848 auxilio,
1055 781 1138 826 mox

139 847 335 930 ¹Rectorem
346 853 556 926 Academiae
573 855 733 937 accedat,
759 867 793 925 ct
805 880 937 926 nomen
954 881 1057 928 suum
1075 881 1137 950 pe-

148 973 198 1030 tat
222 957 347 1029 refcr'ri
372 961 466 1030 inter
488 959 727 1046 studiosorum
744 960 912 1045 nomina,
937 973 970 1030 et
987 961 1138 1051 promit-

147 1073 200 1132 tat
213 1083 250 1130 se
266 1061 402 1150 legibus
418 1059 550 1130 nostris
567 1061 891 1152 obtemperaturum
908 1083 993 1133 esse.
1040 1059 1134 1150 Quia

102 1197 107 1204 ·
146 1185 213 1232 nec
227 1157 416 1234 honestum
433 1175 503 1247 est,
529 1185 594 1232 nec
610 1175 727 1233 tutum
744 1159 898 1253 Reipub.
913 1164 1032 1254 vagari
1050 1166 1137 1234 ado-

146 1264 371 1350 lescentiam,
392 1277 454 1334 aut
467 1264 563 1334 ullos
577 1259 739 1334 homines
757 1263 796 1332 iu
809 1263 1030 1349 civitatibus,
1058 1267 1134 1335 sine

147 1367 253 1437 certis
267 1365 542 1466 magistratibus.
594 1361 643 1436 Et
657 1362 754 1435 Deus
769 1366 846 1434 vult
866 1369 991 1437 rudem
1020 1381 1054 1437 et
1077 1367 1136 1436 in-

146 1467 285 1536 firmam
301 1481 448 1538 aetatem
465 1467 539 1558 regi
554 1468 692 1558 legum,
717 1467 987 1556 magistratuum
1011 1483 1046 1538 et
1062 1471 1135 1554 ,do-

147 1569 304 1640 centium
320 1569 535 1640 autoritate(
555 1567 689 1642 Rector
704 1581 821 1637 autem
838 1570 877 1638 in
894 1570 1051 1642 editione
1068 1595 1134 1640 no·

146 1670 275 1752 minis,
302 1671 428 1742 sitatis
444 1685 495 1741 est
510 1683 603 1741 actas
619 1669 850 1740 adolescentis
865 1685 906 1740 ut
926 1672 972 1742 sit
994 1675 1026 1743 ei
1045 1689 1135 1764 opus

145 1773 314 1842 familiari
340 1786 588 1864 praeceptore,
618 1770 755 1840 iubebit
771 1795 866 1848 ,eum
894 1774 1135 1846 commendari

146 1875 253 1946 alicui
269 1899 310 1946 ex
327 1876 372 1944 iis
389 1874 451 1970 qui
465 1875 633 1966 privatim
647 1875 786 1946 docent.
899 1935 905 1941 .

443 2038 448 2050 ¹
566 2049 715 2122 Tertia.

195 2185 198 2192 ’
243 2194 436 2292 'Interdum
454 2195 559 2288 etiam
572 2190 613 2288 ,ht
633 2195 697 2288 qui
712 2196 858 2266 nomina
875 2219 937 2266 sua
953 2197 1046 2287 apud
1062 2193 1138 2268 Re-

146 2311 280 2370 ctorem
298 2297 505 2383 edidcrunt,
524 2309 698 2390 vagantur
713 2299 790 2367 sine
808 2299 925 2369 studio
941 2297 1138 2382 literarum,

144 2425 213 2472 nec
227 2401 372 2486 docent,
399 2423 465 2470 nec
478 2400 624 2492 discunt
642 2394 808 2471 honestas
821 2415 931 2486 artes,
955 2423 1021 2470 nec
1044 2400 1139 2470 ullas

147 2503 403 2598 praelectiones
418 2501 579 2594 publicas
594 2502 756 2574 audiunt.

250 2623 357 2694 Tales
382 2625 412 2694 si
438 2619 650 2717 deprehensi
671 2611 823 2712 fuerint,
846 2625 1030 2696 indicandi
1056 2639 1139 2697 sunt

146 2727 413 2820 magistratibus
443 2726 586 2820 oppidi,
611 2739 652 2796 ut
676 2728 789 2798 sciant
803 2753 863 2798 eos
881 2725 1037 2820 hospites
1053 2741 1138 2813 esse,

146 2831 283 2901 alienus
300 2829 345 2902 ab
363 2827 491 2900 ordine
513 2823 742 2914 scholastico,
764 2855 829 2901 nec
843 2831 1009 2902 fruentur
1024 2830 1138 2922 privi-

145 2931 249 3024 legiis
270 2925 502 3016 Academiae,
534 2943 595 3002 aut
621 2929 652 2998 si
677 2929 864 3006 infirmitas
896 2933 1040 3018 aetatis,
1077 2945 1139 3002 aut

146 3034 390 3117 contumacia,
422 3033 491 3102 alia
516 3032 663 3102 consilia
687 3034 900 3124 postulabit,
939 3060 981 3104 cx
999 3033 1138 3107 Acade-

146 3136 218 3207 mia
235 3150 270 3206 et
285 3135 419 3228 oppido
436 3135 615 3218 discedere
632 3150 813 3226 cogentur.
838 3121 847 3139 ⁸

566 3305 731 3387 Quarta.

249 3449 298 3526 Et
314 3455 481 3546 privatim
499 3467 533 3524 ct
550 3457 691 3547 publice
707 3441 823 3550 prima
840 3469 933 3526 aetas
949 3455 1140 3546 diligenter

148 3559 262 3628 discat
279 3554 558 3646 Grammaticam
581 3555 749 3642 latinam,
775 3558 1012 3644 Dialecticen,
1038 3555 1138 3630 Rhe-

147 3659 283 3732 toricen
299 3673 333 3729 et
349 3681 523 3728 summam
540 3660 723 3728 doctrinae
731 3655 972 3743 Christianae,
996 3659 1139 3750 publice

148 3785 233 3830 vcro
250 3761 449 3856 omnesqui
466 3773 652 3831 versantur
666 3763 705 3830 iu
727 3759 853 3832 studiis
870 3756 1138 3850 philosophicis,

148 3864 298 3933 audiant
327 3858 392 3954 has
424 3861 677 3956 praelectiones
711 3864 749 3932 in
786 3863 915 3956 quibus
949 3865 1138 3934 traduntur

147 3961 336 4035 Elementa
351 3965 533 4035 doctrinae
551 3966 595 4034 de
611 3965 751 4034 circulis
775 3965 1002 4050 coelestibus,
1027 3966 1136 4036 colle-

149 4083 204 4137 cta
229 4091 248 4135 a
267 4065 402 4136 loanne
428 4068 472 4135 de
493 4089 591 4135 sacro
608 4065 738 4152 Busto,
760 4061 1015 4152 Arithmetica,
1039 4062 1137 4162 Phy-

149 4171 242 4254 sica,
268 4167 454 4239 Secundus
469 4168 561 4252 liher
577 4166 707 4248 Plinii,
727 4182 761 4239 ct
779 4167 978 4239 Aristotelis
994 4163 1133 4239 Ethica.

150 4269 210 4340 llli
237 4293 321 4340 vero
348 4271 411 4364 qui
428 4267 626 4359 Magisterii
651 4266 888 4362 philosophici
905 4273 1052 4360 gradum
1073 4295 1136 4361 pc·

148 4373 253 4444 tituri
279 4387 383 4457 sunt,
418 4385 478 4441 aut
506 4371 641 4465 alioqui
671 4373 935 4462 locupletiorem
957 4373 1135 4463 cognitio-

148 4499 232 4544 nem
252 4469 504 4566 Philosophiae
527 4475 716 4564 adpetunt,
751 4474 945 4563 adiungant
968 4477 1012 4543 ad
1032 4499 1135 4565 prae·

147 4577 336 4662 lectiones,
370 4599 522 4669 quarum
546 4575 618 4642 iam
640 4575 772 4646 mentio
796 4577 887 4644 facta
908 4589 978 4660 cst,
1009 4571 1134 4645 Eucli-

147 4671 240 4761 den,
262 4674 456 4749 Theoricas
470 4677 713 4769 planetarum,
739 4691 773 4746 et
791 4697 954 4768 magnam
971 4691 1133 4748 constru-

148 4781 303 4852 ctionem
319 4769 502 4852 Plolemei.
554 4775 728 4870 Cupimus
742 4779 835 4848 enim
859 4779 1037 4849 studiosos
1059 4803 1133 4848 non

147 4895 288 4953 tantum
311 4871 454 4952 inanem
476 4879 689 4950 eruditionis
710 4883 873 4950 umbram
896 4880 966 4951 sibi
993 4881 1134 4951 circun-

148 4987 254 5064 dare,
269 4961 339 5054 ‘scd
360 5007 478 5052 veram
494 4969 765 5073 Philosophiam
789 4983 986 5074 percipere,
1013 4997 1047 5055 et
1073 5007 1133 5053 or-

147 5088 236 5158 dine
251 5109 314 5176 per
332 5099 423 5156 artes
441 5084 541 5169 duci,
568 5086 663 5177 quod
681 5097 716 5154 et
740 5083 889 5174 singulis
907 5085 996 5154 utile
1017 5099 1068 5155 est
1088 5089 1130 5155 ad

118 5179 123 5188 ⁸
148 5188 368 5279 agnitionem
384 5185 543 5256 veritatis
567 5211 635 5280 qua
654 5186 788 5274 regitur
805 5187 898 5270 vita,
926 5201 960 5255 et
974 5189 1019 5256 ad
1037 5202 1131 5258 recte

592 297 599 314 .
640 227 1054 324 aeconomus
1085 187 1696 308 anavusconmonus.

2106 233 2186 308 994

1196 405 1327 486 tiendi,
1354 403 1441 476 anui
1458 402 1614 482 ratione,
1638 397 1936 496 Cosmographia,
1962 406 2124 477 doctriua
2140 409 2184 478 de

1197 515 1324 578 natura
1345 505 1505 602 corporis
1524 499 1693 590 humani,
1726 518 1762 588 et
1782 505 1895 576 initiis
1909 507 1997 578 artis
2011 505 2183 595 Medicae,

1195 623 1231 682 et
1255 611 1428 682 virtutum
1453 606 1705 700 descriptione.
1756 604 1893 678 Harum
1922 622 2100 681 tantarum
2125 636 2182 682 re-

1192 736 1274 782 rum
1298 713 1537 803 cognitionem
1569 709 1802 780 necessariam
1828 709 1940 794 vitae,
1972 712 2084 782 sciant
2106 727 2182 784 stu-

1190 815 1285 886 diosi
1300 825 1422 886 nostro
1439 811 1560 882 ordini
1580 812 1746 882 tuendam
1764 824 1797 882 et
1814 815 2077 903 propagandam
2095 817 2180 891 es'se.

1605 983 1768 1068 Quinta.

1288 1127 1336 1202 Et
1350 1131 1433 1226 quia
1450 1115 1567 1200 fontes
1588 1130 1772 1201 doctrinae
1787 1124 1966 1199 Ecclesiae
1990 1133 2177 1203 continen-

1188 1247 1247 1304 tur
1261 1233 1372 1304 literis
1387 1229 1537 1303 Ebraeis
1554 1243 1588 1302 et
1606 1227 1785 1324 Graecis,¹
1800 1226 1864 1300 has
1880 1256 2022 1326 quoque
2039 1235 2177 1306 discant

1188 1334 1263 1422 illi,
1297 1336 1361 1430 qui
1383 1359 1419 1404 se
1440 1347 1653 1427 praeparant
1675 1336 1719 1402 ad
1745 1335 1940 1404 docendam
1967 1331 2174 1410 Ecclesiam.

1189 1435 1325 1508 Graece
1343 1459 1428 1506 vcro
1450 1435 1593 1526 linguae
1616 1435 1792 1525 cognitio,
1817 1435 1923 1505 ctiam
1948 1439 1992 1505 ad
2008 1434 2175 1510 Philoso-

1187 1535 1308 1632 phiam
1324 1538 1600 1632 percipiendam,
1617 1551 1650 1608 et
1668 1539 1712 1606 ad
1730 1533 1916 1608 historiam
1931 1551 2088 1610 veterum
2106 1542 2175 1611 im-

1187 1643 1368 1734 periorum
1386 1643 1665 1730 cognoscendam
1682 1640 1877 1709 necessaria
1896 1652 1959 1714 cst.
2013 1640 2098 1712 ldeo
2117 1644 2175 1712 in-

1187 1744 1341 1834 geniosis
1356 1757 1390 1812 et
1403 1743 1653 1832 adpetentibus
1677 1741 1829 1811 solidum
1846 1743 2083 1814 eruditionem
2100 1769 2174 1816 non

1187 1845 1398 1935 negligenda
1414 1857 1478 1916 est.
1821 1829 1835 1868 '
2122 1833 2126 1865 ³
2161 1861 2164 1879 ¹

1616 2016 1748 2084 Sexte.

1280 2163 1509 2248 ‚Exercitium
1528 2167 1812 2259 disputationum
1840 2169 1971 2239 multas
2005 2169 2176 2242 utilitates

1190 2271 1315 2341 adfert.
1366 2265 1573 2339 Adsuefacit
1596 2269 1692 2338 enim
1709 2271 1886 2340 studiosos
1901 2284 1942 2341 ut
1958 2295 2013 2342 res
2027 2270 2175 2343 intrica-

1190 2387 1242 2444 tas
1262 2373 1302 2442 in
1323 2373 1448 2442 breves
1479 2371 1745 2456 conclusiones,
1779 2386 1813 2442 et
1837 2371 2069 2466 Syllogismos
2097 2389 2177 2468 apte

1191 2475 1375 2548 includere
1396 2473 1562 2566 possint„
1577 2485 1613 2544 et
1628 2471 1766 2564 placida
1785 2473 1997 2564 opinionum
2020 2475 2177 2563 collatio,

1189 2579 1320 2648 multas
1343 2599 1399 2645 rcs
1417 2577 1584 2644 obscuras
1605 2573 1697 2644 eruit
1712 2588 1746 2646 et
1761 2575 1945 2667 patefacit,
1971 2589 2005 2646 et
2022 2579 2177 2650 dexteri·
2201 2651 2204 2658 ,

1188 2692 1295 2778 tatem
1314 2679 1427 2750 adfert
1443 2678 1482 2746 in
1497 2677 1763 2768 respondendo,
1790 2690 1824 2747 et
1840 2677 1879 2745 in
1900 2677 2000 2746 omni
2015 2701 2178 2750 sermone

1190 2779 1402 2851 comitatem.
1455 2777 1541 2849 ldco
1565 2801 1638 2848 non
1656 2777 1772 2849 omitti
1795 2778 2051 2869 disputationes
2072 2781 2177 2852 volu-

1190 2905 1280 2954 mus.
1320 2880 1370 2953 Ut
1386 2894 1502 2952 autem
1520 2895 1555 2952 et
1569 2881 1679 2952 latine
1694 2881 1872 2951 scribendi
1890 2881 2094 2957 exercitium
2110 2877 2177 2952 ha-

1190 2985 1303 3056 beant·
1330 2979 1557 3070 Scholastici,
1599 2983 1746 3054 alternis
1780 2983 2037 3075 disputationes
2069 2984 2176 3056 insti-

1191 3099 1339 3158 tuantur
1359 3109 1378 3156 a
1400 3083 1600 3174 Magistris,
1626 3099 1660 3162 et
1684 3083 1878 3156 recitentur
1906 3109 1925 3154 a
1948 3079 2177 3158 Scholasticis

1191 3189 1475 3264 declamationes.
1530 3183 1579 3258 Et
1611 3185 1777 3276 Magistri
1808 3185 1872 3282 qui
1897 3183 2176 3274 Grammaticen,

1189 3287 1427 3375 Dialecticen,
1458 3302 1519 3360 aut
1541 3285 1760 3362 Rhetoricen
1788 3291 1954 3376 tradunt,
2006 3289 2090 3361 item
2114 3293 2177 3385 qui

1190 3393 1320 3464 latinos
1361 3405 1422 3462 aut
1463 3413 1606 3479 graccos
1654 3391 1842 3482 scriptores
1884 3393 2174 3484 interpretantur,

1191 3497 1363 3586 mandent
1376 3491 1599 3562 auditoribus
1613 3507 1653 3562 ut
1666 3493 1821 3561 scribant
1841 3506 1876 3562 et
1893 3496 2041 3564 recitent
2056 3497 2175 3564 decla-

1190 3595 1374 3669 mationes.
1424 3590 1533 3663 Nulla
1546 3606 1662 3663 autem
1679 3593 1871 3683 disputatio
1888 3607 1949 3664 aut
1967 3595 2176 3666 declamatio

1190 3703 1411 3792 proponatur
1425 3695 1586 3788 publice,
1611 3719 1686 3765 non
1709 3693 1864 3787 inspecta
1890 3691 2090 3788 aDecano,
2116 3713 2178 3770 aut

1190 3799 1375 3892 Magistris
1394 3822 1545 3892 quorum
1566 3798 1738 3868 iudicium
1758 3795 2064 3889 probatDecanus.
2099 3799 2177 3870 No-

1188 3904 1308 3972 lumus
1324 3899 1419 3970 enim
1441 3899 1606 3970 materias
1628 3899 1747 3970 futiles
1769 3913 1803 3971 ct
1824 3893 1988 3969 honestas
2011 3903 2176 3992 proponi,

1189 3997 1357 4075 nolumus
1380 4016 1416 4073 et
1439 4001 1597 4093 sugillari
1614 4025 1816 4096 quenquam
1842 4001 1880 4068 iu
1904 3995 1969 4070 hac
1983 3997 2176 4074 Academia

1189 4109 1393 4191 docentem,
1425 4117 1488 4174 aut
1521 4103 1705 4174 manifesta
1739 4101 1987 4174 criminatione
2018 4105 2177 4193 lacerari,

1189 4222 1223 4279 ct
1238 4208 1382 4278 accendi
1400 4206 1592 4278 discordias
1607 4199 1675 4275 hoc
1691 4229 1789 4276 more
1807 4203 2014 4296 disputandi
2035 4221 2096 4278 aut
2111 4210 2175 4277 de-

1188 4311 1385 4394 clamandi,
1412 4309 1474 4404 qui
1491 4307 1672 4379 institutus
1690 4321 1760 4391 est,
1785 4320 1826 4377 ut
1852 4308 1964 4398 prosit
1985 4311 2027 4377 ad
2054 4311 2175 4380 erudi-

1188 4414 1341 4496 tionem,
1368 4425 1402 4481 et
1419 4413 1464 4481 ad
1480 4410 1646 4481 virtutem
1663 4410 1859 4492 iuventuti,
1886 4433 1958 4478 non
1975 4423 2014 4481 ut
2038 4411 2171 4484 livido·

1188 4541 1268 4586 rum
1284 4513 1480 4586 adfectibus
1494 4537 1532 4582 ac
1548 4510 1919 4614 petulantiaexserviat.
2050 4513 2071 4560 ⁰

1513 4788 1579 4869 De
1607 4785 1849 4894 moestus.

1561 4951 1693 5016 Prima
1717 4955 1795 5012 lex.

1287 5082 1496 5156 Conventus
1519 5077 1721 5152 scholastici
1743 5091 1836 5148 recte
1859 5077 2015 5148 instituti
2037 5090 2071 5146 et
2093 5077 2172 5146 fue·

1187 5202 1274 5258 runt
1297 5188 1384 5256 olim
1411 5201 1446 5257 et
1471 5208 1544 5254 esse
1562 5184 1693 5254 debent
1713 5180 1942 5274 praecipuum
1958 5200 2082 5268 agmen
2101 5173 2173 5247 Ec-

147 5289 398 5373 iudieaudum,
437 5300 473 5358 et
494 5289 674 5358 communi
696 5289 789 5358 vitae
810 5287 1046 5366 necessarium
1070 5303 1133 5376 est,
1185 5287 1404 5362 clesiaeDei.
1459 5285 1515 5357 lbi
1531 5287 1628 5356 euim
1649 5283 1810 5352 doctrina
1834 5281 1994 5378 coelestis
2016 5279 2174 5348 custodi·
2270 5282 2274 5292 ‘

149 5414 243 5487 quae
264 5413 338 5460 non
361 5401 474 5480 potest
496 5413 614 5458 carere
637 5380 712 5462 arte
735 5391 965 5476 numerandi,
999 5405 1034 5462 et
1055 5415 1132 5462 me-
1185 5407 1262 5474 tur,
1287 5405 1322 5462 et
1344 5388 1563 5483 gubernante
1585 5385 1723 5480 Spiritu
1749 5399 1868 5456 sancto
1885 5374 2087 5455 Catholicae
2102 5376 2174 5452 Ec-

200 5497 380 5562 Mruarrn.
397 5497 501 5562 Oeen.
516 5495 599 5563 Vos.
615 5495 662 5564 Χ.

201 5677 212 5710 Ι

1658 5486 1708 5557 63
