4906 5986
274 199 322 268 ss
445 189 901 284 arrsronaauu,
934 191 1308 272 mercionum
1335 189 1411 267 nr
1444 189 1844 270 semeronuu
1893 191 2000 284 me.
2022 133 2147 272 rur.
2246 189 2296 262 as

278 360 399 450 Quare
422 376 456 432 et
478 377 580 433 tuum
597 377 821 455 conspectum
836 378 870 434 et
883 361 1065 438 eruditiss.
1082 385 1263 432 sermones
1315 373 1350 429 et
1370 383 1543 429 summam
1566 359 1764 442 doctrinae,
1792 365 1899 454 quain
1915 358 2010 432 Deus
2024 357 2202 432 Ecclesiae
2220 379 2303 428 suae

278 477 358 534 tuos
383 465 596 554 expetimus,
632 465 790 536 fortassis
812 478 847 534 et
869 453 1265 556 nosaliquid'narrabi-
1315 461 1480 542 tradidit,
1506 462 1651 540 didicit,
1677 485 1851 556 speroque
1871 487 1953 532 eum
1977 464 2059 534 usui
2082 464 2158 532 tore
2176 455 2301 530 Eccle-

276 587 375 650 mus,
406 569 503 658 quod
528 569 616 637 scire
637 569 744 640 voles.
800 565 912 634 Valde
934 567 1043 654 igitur
1063 579 1267 644 teoramos,
1317 563 1388 632 siae
1411 563 1482 632 Dei
1503 564 1542 630 in
1565 564 1682 654 operis
1702 559 1917 634 scholasticis
1938 577 2000 634 aut
2030 565 2070 632 in
2101 561 2302 632 ministerio

276 679 319 736 ut
331 691 428 736 nunc
443 669 487 736 ad
505 671 692 759 prandium
710 671 753 738 ad
770 693 835 738 nos
851 669 1005 740 accedas.
1032 667 1086 737 De
1104 656 1277 756 capreolo
1317 661 1574 738 Ecclesiastico.
1635 663 1740 736 Tales
1762 668 1919 756 proiecto
1942 678 2128 734 cnmsunt
2150 660 2304 735 modesti

276 769 407 858 gratias
423 771 570 859 agimus.
616 765 692 842 'sed
709 794 827 854 coram
846 771 961 862 plura.
1012 765 1087 841 Cal.
1107 768 1202 843 lulli.

966 866 1166 964 Philippus.

273 1236 355 1322 ¹No.
373 1237 484 1310 7020.

281 1331 494 1373 Μ

548 1441 784 1550 Magistro
811 1421 993 1529 iitman.

378 1669 536 1740 descriptas
550 1669 578 1724 S.
594 1669 776 1725 nooman.

305 1820 527 1894 Eruditione
552 1833 583 1894 et
611 1823 739 1895 virtute
764 1829 976 1923 praestanti
998 1825 1053 1900 M
1060 1829 1185 1924 agist
1194 1854 1242 1898 ro

565 1920 736 1998 Otman
764 1925 882 1999 amico
898 1957 976 2002 sao.

275 2063 324 2151 S.
351 2076 397 2146 D.
448 2075 571 2146 Laudo
588 2090 685 2146 tuam
703 2076 887 2175 pietatem,
908 2096 943 2149 et
958 2082 1023 2150 deo
1042 2094 1174 2169 gratam
1192 2104 1265 2148 csse

276 2203 351 2247 uon
375 2179 519 2261 dubito,
552 2179 781 2271 quodetiam
803 2181 880 2250 istic
904 2180 1072 2254 Ecclesiis
1096 2183 1263 2266 consulis,

988 1277 993 1288 .
1119 1244 1268 1369 iffl

1277 851 1278 854 Ἴ
1318 780 1353 836 et
1375 767 1468 856 pacis
1492 779 1667 844 amantes,
1702 767 1962 858 complectendi
1984 782 2018 837 et
2037 765 2185 837 iuvandi
2209 776 2305 850 sunt,

1318 881 1358 937 ut
1380 867 1475 937 filius
1489 867 1556 937 Dei
1579 867 1711 959 inquit:
1740 868 1800 937 cui
1814 869 1870 938 vel
1888 869 2163 961 trigidae-aquae
2179 881 2304 958 potum

1319 969 1384 1038 uni
1405 993 1446 1036 ex
1466 969 1625 1038 minimis
1646 991 1809 1054 meorum
1824 972 2011 1040 doctrinae
2033 970 2185 1040 tuendae
2200 991 2304 1038 causa

1318 1070 1436 1146 dabit.
1460 1073 1657 1140 mercedem
1683 1069 1838 1160 accipiet.
1891 1070 2059 1164 inprimis
2081 1084 2198 1140 eutero
2218 1069 2303 1138 uni-

1320 1195 1438 1240 versae
1452 1165 1639 1240 hominum
1654 1172 1745 1240 vitae
1758 1161 1908 1242 salutare
1924 1189 1991 1254 est,
2018 1173 2195 1264 principes
2207 1171 2303 1240 viros

1319 1275 1519 1343 doctrinam
1532 1275 1715 1344 coelestem
1729 1273 1922 1366 inquirere,
1938 1275 2136 1365 intelligere
2151 1286 2183 1343 et
2199 1273 2303 1346 tueri.

1319 1371 1441 1462 Quare
1463 1399 1546 1443 cum
1570 1376 1713 1444 audiam
1735 1377 1909 1446 celebrari
1928 1377 2135 1447 excellentes
2156 1373 2305 1444 virtutes

1194 1503 1196 1508 ’
1318 1488 1416 1560 tuas,
1443 1489 1546 1568 teque
1568 1478 1684 1544 favere
1706 1477 1774 1568 piis
1796 1479 1922 1548 studiis
1941 1478 2155 1560 existimem,
2180 1488 2305 1559 teoro,

344 1604 364 1666 †
384 1601 420 1651 Ex
434 1599 602 1670 autographo
615 1599 747 1654 Melanth.
762 1602 789 1654 in
801 1603 863 1658 cod.
878 1603 1025 1660 Laodshut.
1041 1603 1133 1658 volt
1147 1602 1197 1657 fot.
1210 1603 1268 1657 189.

1234 1735 1238 1740 .
1319 1701 1393 1748 non
1417 1679 1521 1752 desis.
1557 1675 1672 1769 :Opto
1700 1680 1805 1748 etiam
1830 1695 1871 1752 ut
1896 1682 1973 1750 lucc
1997 1705 2099 1750 verae
2121 1678 2304 1750 doctrinae

1318 1590 1359 1646 ut
1388 1572 1471 1646 huic
1492 1572 1683 1662 Andreas,
1722 1580 1940 1669 confugienti
1969 1583 2014 1648 ad
2044 1592 2077 1648 te
2102 1591 2306 1668 patronum,

1318 1792 1439 1870 pectus
1455 1795 1554 1850 tuum
1569 1779 1665 1850 Deus
1680 1783 1848 1852 accendat
1864 1798 1897 1853 et
1911 1795 2017 1873 regat,
2044 1795 2085 1852 ut
2099 1793 2159 1851 tua
2173 1781 2304 1869 guber-

1317 1882 1414 1950 natio
1441 1882 1507 1950 tibi
1531 1895 1566 1951 et
1587 1882 1666 1951 aliis
1690 1884 1735 1952 sit
1758 1883 1931 1954 salutaris.
1984 1879 2081 1953 Bene
2097 1882 2185 1952 vale.
2236 1877 2305 1950 Die

1316 1982 1392 2052 divi
1409 1981 1604 2054 Laurentii.

1986 2138 1991 2172 l

1324 2169 1789 2186 Ἣ

278 2295 312 2349 et
333 2307 406 2346 mm
429 2280 543 2348 solum
566 2281 739 2356 elementa
762 2281 961 2366 literarum,
993 2286 1053 2352 sed
1077 2284 1182 2352 etiarn
1197 2286 1263 2354 do·
1313 2281 1380 2356 No.
1396 2281 1507 2358 7022.

278 2383 425 2450 ctrinam
452 2382 590 2470 pietatis
611 2381 722 2449 tradis
745 2381 932 2457 iuventuti.
981 2383 1051 2454 Hic
1065 2378 1263 2453 Baldasa-

278 2506 340 2549 ras
364 2506 587 2550 commanem
605 2479 782 2551 Ecclesiae
806 2487 1005 2556 doctrinam
1021 2490 1111 2558 bene
1127 2487 1262 2557 didicit.

276 2583 362 2652 ldeo
387 2584 535 2674 publica
553 2583 625 2652 ritu
647 2584 905 2656 sanctissimum
932 2588 1170 2660 ministerium
1192 2583 1264 2656 Ec-

276 2685 401 2753 clesiae
424 2685 453 2752 ei
477 2686 762 2755 commendatum
784 2701 845 2758 est.
895 2688 958 2759 ¹Te
983 2689 1112 2759 iamin
1136 2690 1263 2758 itinere

277 2811 351 2856 esse
366 2786 621 2884 arbitrabatur3
647 2799 762 2858 cetera
780 2788 888 2876 igitur
903 2816 1032 2864 coram.
1059 2789 1156 2861 Bene
1173 2791 1262 2866 vale.

276 2890 334 2956 die
354 2884 412 2958 15.
430 2886 551 2980 Septb.

729 3043 732 3048 .
783 2986 972 3084 Philippus
988 2989 1213 3066 Melanthon.

1106 3373 1160 3432 10.
1181 3368 1265 3449 Aug.

396 3601 401 3611 ¹
498 3647 505 3652 ,
630 3563 909 3678 10.Piryni.

344 3726 368 3796 †
388 3725 427 3780 Es
442 3723 599 3798 apographo
612 3725 641 3780 in
656 3725 720 3781 cod.
734 3724 821 3782 Paris.
836 3725 872 3782 D.
883 3729 919 3782 L.
932 3727 992 3781 54³.

226 3849 230 3856 ⁶
277 3879 433 3953 Illastri
453 3876 709 3977 etMagnifico
727 3878 915 3966 Domino,
948 3879 1164 3955 Iohanni
1186 3880 1267 3957 Pi-

279 3985 388 4079 ryni
403 3977 461 4074 *),
493 3981 704 4058 Nobilitate
728 3992 760 4052 et
784 3983 912 4055 virtute
933 3987 1163 4082 praestanti,
1196 4013 1266 4083 pa-

592 4083 955 4174 tronosaocotendo,
1028 4105 1034 4113 '

277 4219 326 4309 S·
351 4231 396 4305 D.
449 4233 602 4304 illustris
616 4247 650 4304 et
661 4201 854 4322 ‘Magnifice
871 4233 1036 4310 Domine.
1068 4233 1265 4310 Rediturus

2143 2383 2303 2412 Μ

1516 2443 1521 2448 ’
1632 2450 1701 2534 Ιο.
1728 2449 1984 2539 Praetorio.

1416 2607 1502 2680 Epist.
1521 2609 1569 2666 lib.
1584 2608 1617 2666 V,
1636 2627 1663 2680 p,
1680 2605 1731 2662 144
1744 2629 1786 2680 sq·

1416 2761 1596 2838 Ioanni
1620 2739 1888 2856 Praetorio,
1913 2766 2191 2872 (Vratislavii.)

1294 2903 1363 2988 S.
1389 2913 1433 2988 D.
1485 2913 1697 2984 Venerande
1713 2917 1781 3000 vir,
1807 2931 1842 2986 et
1857 2915 2061 2990 charissime
2076 2923 2195 3000 irater.
2228 2925 2305 2998 Do·

1317 3019 1428 3100 lores,
1453 3017 1604 3104 gemitus
1624 3031 1658 3086 et
1681 3031 1762 3088 vota
1788 3041 1863 3086 mea
1880 3024 2004 3091 vestris
2023 3037 2055 3092 et
2070 3026 2255 3100 doloribus
2271 3045 2305 3100 et

1317 3119 1409 3187 votis
1432 3118 1600 3205 adiungo.
1653 3115 1693 3188 si
1714 3141 1849 3208 possem
1865 3122 1971 3192 etiam
1987 3127 2121 3195 mederi
2136 3129 2303 3201 offensio·

1317 3222 1443 3304 nibus,
1468 3241 1557 3312 quae
1573 3220 1667 3309 apud
1684 3243 1748 3288 vos
1771 3221 1994 3308 inciderunt,
2019 3227 2182 3299 facerem.
2233 3231 2304 3304 Sed

1318 3345 1432 3414 neque
1458 3343 1599 3388 caussae
1612 3323 1728 3389 fontes
1743 3322 1843 3403 novi,
1878 3346 1994 3420 neque
2009 3351 2066 3396 me
2082 3328 2233 3402 iudicem
2251 3335 2313 3404 la-,

1318 3424 1383 3491 cio.
1434 3421 1474 3492 Si
1499 3421 1585 3513 quid
1608 3421 1727 3491 tamen
1752 3445 1853 3514 posse
1875 3451 1894 3496 a
1917 3453 1972 3497 me
1991 3429 2065 3498 lieri
2081 3433 2304 3521 existimabis,

1316 3523 1522 3614 significato.

1418 3623 1522 3692 Nunc
1544 3635 1579 3692 te
1595 3647 1680 3704 oro,
1705 3637 1746 3695 ut
1764 3628 1950 3714 mendico,
1975 3623 2150 3704 Iohanni
2162 3631 2304 3736 Tschep

1242 3741 1246 3746 ’
1319 3722 1525 3808 Olaviensi,
1554 3725 1616 3817 qui
1631 3725 1700 3795 fuit
1715 3727 1772 3812 in,
1799 3729 2026 3824 nescioquo,
2053 3737 2202 3828 collegio
2218 3739 2303 3812 Μο-

1318 3823 1530 3909 nachorum‚
1556 3827 1651 3896 idola
1674 3829 1883 3914 colentium,
1908 3847 1943 3903 et
1962 3858 2059 3905 nunc
2072 3837 2187 3910 Deum
2206 3858 2306 3922 ,recte

1318 3931 1483 3999 invocare
1500 3928 1622 4013 discit,
1643 3930 1768 4022 stipem
1786 3933 1939 4022 colligas.
1992 3935 2123 4026 Spero,
2145 3945 2226 4013 usui
2242 3945 2302 4014 iu-

1317 4047 1438 4101 turum
1464 4053 1537 4098 esse
1558 4029 1597 4098 in
1624 4033 1783 4102 docenda
1806 4029 1961 4108 Ecclesia
1990 4039 2133 4115 alicubi.
2193 4043 2302 4117 Mitto

1317 4133 1419 4201 vobis
1432 4131 1598 4223 pagellas,
1623 4157 1771 4224 quarum
1786 4121 1974 4206 lectionem
1990 4163 2093 4230 spero
2111 4145 2211 4215 vobis
2227 4171 2302 4218 non

1317 4235 1497 4302 insuavem
1515 4234 1602 4300 fore.
1642 4229 1842 4305 Benevale.
1882 4237 2026 4314 Diess.
2045 4241 2148 4319 Febr.
2184 4245 2302 4320 Reve-

276 4338 316 4404 in
330 4335 553 4406 Pannoniam
568 4329 806 4404 hicAndrcas
822 4337 1168 4428 testimoniumame
1182 4363 1264 4410 suae
1315 4338 1427 4404 rende
1459 4335 1554 4416 viro,
1597 4331 1754 4405 Domino
1773 4333 1935 4411 Musaeo
1956 4359 1991 4413 et
2012 4347 2112 4415 vobis
2135 4351 2303 4422 omnihus

278 4439 485 4528 diligentiae
509 4441 547 4507 in
569 4440 696 4508 studiis
719 4452 754 4508 et
776 4437 966 4508 modestiae
991 4441 1028 4507 in
1045 4441 1204 4510 moribus
1219 4447 1262 4512 ad
1315 4438 1464 4506 salutem
1481 4449 1576 4526 opto.

278 4555 312 4610 te
337 4542 568 4610 adferendum
593 4563 666 4608 esse
688 4540 841 4629 putavit,
868 4544 963 4632 quod
987 4555 1079 4611 certe
1100 4546 1263 4633 prodesse

278 4643 310 4710 ei
326 4657 419 4732 opto.
473 4641 561 4710 Nam
583 4655 616 4709 et
630 4653 755 4708 natura
772 4643 816 4708 ad
837 4642 1030 4727 iusticiam,
1055 4647 1262 4714 modestiam

224 4753 228 4760 '
279 4757 313 4812 et
330 4745 562 4812 constantiam
581 4743 619 4810 in
635 4742 733 4809 omni
757 4743 872 4810 osticio
895 4743 1026 4813 sactum
1052 4765 1126 4814 esse
1144 4747 1263 4815 anim-

279 4845 434 4928 adverti,
481 4858 515 4912 et
555 4858 702 4914 naturae
739 4843 833 4912 hona
874 4846 1075 4915 eruditione
1112 4848 1262 4918 cultiora

277 5111 489 5133 ,,,,..........

313 5199 499 5270 &Perenni
522 5223 557 5238 -
593 5197 1018 5270 vta.ep.a.27.M2rt.1545.
1061 5199 1170 5257 Nomen
1188 5205 1260 5260 idem

264 5327 269 5336 ,
347 5287 404 5324 esse
421 5267 534 5320 ridetur.
579 5266 692 5321 lllustris
713 5278 770 5324 erat
787 5270 836 5325 illo
857 5281 981 5341 tempere
998 5270 1102 5327 lemilis
1117 5273 1260 5330 Nobilium

320 5393 332 5401 ,
343 5335 450 5406 Peren]
464 5333 493 5390 in
505 5333 652 5408 Huogaris.

1298 4833 1304 4844 ’
1323 4875 1389 4956 no,
1405 4871 1515 4942 rora.

278 4946 372 5020 lecit.
428 4941 627 5034 Diligenter
645 4944 741 5012 enirn
765 4958 798 5015 et
820 4945 992 5016 elementa
1014 4943 1262 5042 philosophiae
1315 4971 1524 5002 m

2051 4541 2250 4656 Philippus.

2130 4887 2302 5014 aar„

1588 5039 1739 5126 Panlo
1769 5042 2023 5132 staetorto.

1382 5194 1545 5271 ax‘autogr.
1564 5201 1592 5254 in
1611 5199 1674 5255 cod.
1695 5199 1767 5258 Seid.
1788 5203 1890 5259 Dresd.
1914 5203 1985 5258 edita
2002 5205 2030 5260 in
2050 5209 2147 5280 Propr.
2168 5213 2189 5270 Ι.
2211 5217 2300 5288 Wag-
2374 5203 2378 5209 ¹

1413 5274 1517 5394 sehpgd.
1536 5289 1579 5340 ep.
1591 5270 1616 5327 6.
1651 5269 1808 5329 interimus
1824 5273 2001 5346 apographon
2022 5274 2051 5332 in
2065 5283 2130 5338 cort.
2143 5283 2236 5341 Melan.
2249 5286 2301 5348 lv.

1413 5363 1441 5415 p.
1490 5375 1500 5396 .
1889 5393 1891 5398 .
