4888 5962
126 187 209 280 aar
716 181 1136 281 ouausrtonus
1170 177 1573 261 acaunumar.
2080 183 2156 258 roe

122 359 205 453 gnis
227 358 413 432 doloribus
434 358 571 444 cordis,
612 375 648 432 et
668 371 813 452 propter
832 359 919 430 alias
941 359 1112 455 quasdam
1165 353 1247 442 nis,
1273 364 1306 425 et
1325 352 1529 438 similium,
1556 353 1652 428 tales
1676 356 1788 428 etiam
1806 353 1980 456 placeant
1995 353 2097 436 Deo,
2121 365 2154 426 et
2193 357 2195 364 ’

124 485 265 546 musas,
306 473 432 532 natura
453 471 574 532 tamen
599 461 773 554 expellere
797 473 930 532 stercus
951 474 1113 540 conatur,
1163 456 1241 528 sint
1257 451 1433 528 haeredes
1450 459 1545 532 vitae
1558 459 1756 531 aeternae?
1790 459 1894 533 Hanc
1909 461 2155 558 quaestionem

125 565 227 659 quod
250 587 330 634 cum
348 562 423 656 non
437 563 608 654 recipitur
621 565 667 634 ab
683 563 912 634 inferioribus
923 562 1115 646 intestinis,
1166 559 1320 632 arbitror
1335 561 1416 632 ideo
1440 563 1584 652 dignam
1604 585 1686 644 esse
1700 563 1952 654 explicatione,
1975 577 2016 636 ut
2036 563 2151 632 disca·

123 681 223 739 retro
244 665 391 758 pellitur
411 687 453 734 es
475 665 724 756 gracilioribus
748 665 927 736 intestinis
946 667 992 736 ad
1015 663 1114 734 orili-
1164 685 1264 745 mus,
1285 663 1350 734 ubi
1364 676 1400 734 et
1412 687 1502 757 quae
1516 665 1562 734 sit
1576 661 1732 735 Ecclesia
1745 661 1832 750 Dei,
1855 680 1994 760 atquae
2008 665 2054 734 sit
2069 685 2152 734 vera

67 840 75 850 ,
124 769 222 840 cium
239 765 448 850 ventriculi,
473 769 570 837 unde
586 767 630 836 ad
647 767 766 857 gulam
785 767 953 842 ascendit.
1166 765 1363 851 invocatio,
1381 789 1472 858 qnae
1487 767 1629 860 propria
1647 761 1828 838 Ecclesiae
1842 768 2014 840 doctrina.

221 863 309 940 'Huc
323 868 475 948 accedit,
502 881 542 938 ut
555 865 716 938 Galenus
734 869 839 955 dicit,
859 871 956 963 quod
978 865 1116 937 ventri·
1265 863 1427 936 Primum
1450 868 1544 937 enim
1569 892 1634 959 pro
1663 869 1826 958 gentibus
1855 871 1968 941 multa
1998 865 2154 960 speciose

124 971 246 1056 culus,
272 983 437 1040 manente
451 969 528 1038 eius
549 971 704 1041 naturali
730 969 881 1047 virtute.
909 970 1015 1042 etiarn
1039 969 1116 1060 pel·
1166 964 1345 1041 dicuntur.
1387 966 1470 1040 Non
1487 970 1653 1060 ignorant
1668 967 1800 1055 Deum,
1824 972 1884 1040 sed
1899 993 2020 1042 revera
2035 967 2155 1038 s'ciunt

123 1073 168 1144 lit
189 1095 348 1155 sursum,
373 1095 449 1140 eam
473 1073 680 1162 praesertim
703 1071 880 1157 illuviem,
906 1095 996 1166 quae
1017 1093 1116 1140 mor·
1165 1093 1274 1140 unam
1289 1084 1552 1140 esse-aeternam
1565 1087 1719 1142 mentem
1731 1072 1890 1163 opificem
1902 1071 2042 1142 mundi.
2076 1065 2155 1136 lmo

124 1179 188 1246 det
203 1173 463 1257 ventriculum,
485 1172 601 1266 qualis
616 1187 709 1244 certe
724 1187 776 1244 est
790 1174 942 1258 illuvies,
967 1173 1026 1244 cui
1040 1185 1116 1242 atra
1168 1185 1203 1241 et
1218 1170 1321 1241 Plato
1338 1173 1576 1242 eruditissime
1591 1173 1716 1244 definit
1728 1171 1844 1244 Deum
1860 1173 2040 1268 inquiens:
2058 1166 2155 1238 Deus
2171 1241 2175 1248 ,

124 1277 213 1348 bilis
228 1275 414 1358 miscetur,
440 1297 530 1368 quae
545 1275 688 1368 quidem
707 1277 844 1345 moveri
860 1275 949 1345 solet
963 1272 1003 1344 in
1018 1297 1118 1343 moe-
1168 1286 1334 1343 011100οε
1357 1287 1514 1360 aeterna,
1547 1297 1650 1344 causa
1665 1275 1752 1344 boni
1775 1275 1814 1344 in
1838 1289 1996 1347 natura..
2028 1269 2157 1344 Sciunt

126 1378 240 1450 sticia.
291 1377 389 1448 Haec
406 1376 573 1445 videntur
588 1375 767 1471 aliquibus
782 1377 1017 1468 probabiliter
1033 1375 1117 1460 dici,
1168 1374 1273 1446 etiam
1294 1375 1403 1464 legem
1421 1373 1507 1461 Dei,
1530 1388 1565 1445 et
1586 1377 1692 1446 multi
1712 1377 1994 1448 antecelluerunt
2015 1372 2157 1464 sapien-

69 1563 73 1570 ,
126 1481 189 1552 sed
205 1505 224 1578 a
239 1493 293 1564 te,
324 1477 382 1546 vir
396 1477 650 1563 eruditissime,
671 1475 719 1551 D.
734 1475 915 1566 Erasme,
941 1477 1118 1571 copiosio·
1168 1478 1237 1560 tia,
1264 1477 1412 1562 virtute,
1432 1479 1676 1568 magnitudine
1692 1494 2018 1569 rerumgestarum,
2042 1475 2157 1564 impe·

125 1606 204 1652 rem
220 1579 488 1673 explicationem
503 1579 713 1668 flagitamus.
1168 1579 1251 1663 riis,
1276 1578 1511 1664 successibus,
1537 1580 1598 1673 qui
1615 1591 1699 1650 sunt
1714 1581 1881 1650 beneficia
1899 1580 1986 1665 Dei,
2009 1589 2043 1648 et
2058 1574 2157 1646 testi-

230 1681 400 1752 luventus
423 1703 508 1749 vero
534 1676 602 1751 hoc
628 1681 807 1771 singulare
834 1703 945 1770 genus
971 1703 1118 1772 poenae,
1169 1679 1288 1750 monia
1306 1678 1616 1770 praesentiaeDei.
1667 1677 1763 1772 Ergo
1788 1677 1828 1750 hi
1852 1705 1994 1776 quoque
2014 1679 2158 1770 placne-
2274 1739 2277 1760 ,

127 1808 200 1880 qua
227 1777 425 1874 blasphemi
449 1781 567 1851 affecti
588 1783 776 1872 leguntur,
805 1782 1053 1866 meminerint,
1084 1793 1119 1850 et
1170 1795 1257 1852 runt
1286 1779 1380 1852 Deo:
1423 1805 1488 1851 nec
1515 1781 1658 1852 videtur
1689 1796 1983 1868 cousentaneum,
2020 1791 2158 1850 tantam

126 1910 166 1956 se
182 1885 316 1976 singuli
337 1883 596 1970 adsuelaciant‚
621 1899 661 1955 ut
683 1908 765 1954 vera
788 1883 901 1955 animi
922 1883 1119 1954 reverentia
1170 1881 1455 1969 multitudinem,
1476 1883 1652 1954 solumad
1669 1899 1851 1956 aeternum
1870 1877 2160 1959 00111010οο0ᾱί-

125 1985 247 2058 Deum
268 1987 405 2068 colant,
432 1997 466 2056 et
490 1983 566 2056 eius
588 1983 824 2077 Evangelium
851 1987 1120 2081 amplectantur.
1171 1999 1242 2056 tarn
1255 2006 1351 2070 esse,
1375 1998 1435 2055 aut
1452 1985 1561 2056 tantis
1576 1985 1771 2056 virtutibus
1786 1987 1915 2057 lrustra
1934 1978 1994 2056 eos
2013 1991 2159 2052 ornatos

126 2087 228 2164 Dixi.
1171 2087 1290 2160 fuisse.
1351 2081 1401 2155 Et
1431 2083 1567 2157 Paulus
1597 2086 1732 2182 iuquits
1773 2085 1902 2158 Nonne
1935 2099 1971 2158 et
2001 2083 2160 2174 gentium

242 2217 247 2224 '
1172 2185 1269 2260 Deua
1287 2184 1362 2254 esti

1163 2293 1168 2302 '
1242 2285 1489 2380 ·Quanquam
1513 2301 1632 2360 autem
1652 2281 1742 2358 haec
1773 2313 1838 2381 pro
1870 2287 2036 2379 gentibus
2054 2281 2162 2354 multi
2279 2339 2289 2368 ,

1174 2411 1276 2482 saepe
1289 2387 1579 2480 disputaverunt,
1601 2388 1706 2459 etiam
1722 2405 1805 2461 ante
1819 2391 1930 2461 multa
1946 2389 2083 2470 secula,
2109 2399 2163 2454 ta-

1174 2515 1257 2562 men
1271 2513 1337 2560 nos
1350 2485 1555 2562 qucclesia
1564 2491 1670 2562 talem
1685 2491 1928 2563 confusionem
1943 2491 2044 2560 nullo
2053 2487 2164 2556 modo

1174 2592 1250 2662 lieri
1265 2591 1511 2666 concedamus.
1563 2589 1603 2662 Si
1619 2588 1753 2683 pariter
1775 2603 1919 2685 possent
1941 2613 2014 2661 esse
2038 2583 2164 2658 haere-

143 2443 211 2519 No.
229 2445 293 2520 81.
776 2451 806 2517 d.
832 2459 888 2521 17.
903 2451 1009 2537 Septh.
1024 2452 1121 2542 1545.

139 2540 314 2572 m
775 2551 1115 2591 m

200 2640 232 2698 ln
247 2641 410 2713 Quaestion.
421 2662 448 2731 p.
457 2643 493 2698 67
500 2641 526 2702 11.
570 2642 638 2699 item
653 2639 682 2698 in
697 2641 801 2698 Consil.
815 2643 882 2699 stet.
897 2643 928 2700 P.
942 2641 965 2701 1.
982 2663 1011 2717 p.
1024 2643 1086 2702 618.
1098 2653 1124 2699 01

235 2711 265 2770 tn
281 2712 408 2769 neman.
427 2711 518 2769 1111.
537 2711 718 2770 errorent.
734 2715 807 2768 9.·1.
1175 2696 1238 2764 des
1255 2693 1348 2762 vitae
1367 2705 1530 2762 aeternae
1552 2691 1755 2782 ignorantes
1769 2689 1970 2776 Christum,
1996 2705 2031 2762 et
2051 2711 2163 2778 agno-

1176 2809 1329 2878 scentes,
1353 2795 1484 2864 lrustra
1498 2797 1621 2864 datum
1647 2818 1720 2864 esse
1736 2791 1992 2884 Evangelium‚
2016 2813 2082 2860 nec
2106 2811 2165 2858 re-

129 2869 822 2960 011111111111111111111111111111
843 2875 1125 2966 11111111111111·
1176 2896 1283 2968 tineri
1304 2917 1395 2986 opus
1417 2908 1523 2976 esset,
1553 2909 1589 2966 et
1610 2897 1771 2968 omnium
1793 2895 1952 3000 gentium
1974 2891 2165 2982 religiones

130 2973 140 2988 '
169 2979 264 3049 ctori
284 2980 425 3048 Petro
440 2979 697 3072 Hegemon,
723 2967 759 3047 d.
776 2972 837 3050 17.
852 2978 956 3069 Sept.
977 2973 1086 3052 loto
1177 2998 1308 3092 pariter
1321 2986 1664 3088 essentprobanda'e.

126 3095 294 3183 Nostrae
309 3109 433 3180 aetatis
448 3107 673 3179 imbecillitas
687 3131 761 3178 non
777 3122 892 3200 potest
908 3105 1066 3179 iudicare
1081 3109 1126 3178 de
1279 3093 1451 3168 0111111111
1473 3109 1525 3169 est
1547 3112 1666 3170 autem
1684 3097 1803 3183 Deus,
1828 3120 1874 3166 ue
1897 3096 1936 3167 in
1958 3095 2046 3168 tales
2066 3095 2167 3165 iuro·

126 3211 248 3282 causis
271 3211 410 3301 legum,
435 3211 496 3279 sed
522 3233 645 3302 parere
660 3233 728 3280 nos
742 3212 842 3280 dccet
855 3209 998 3280 iudiciis
1013 3223 1047 3280 et
1061 3233 1127 3280 vo-
1177 3199 1470 3285 111111111111111,
1500 3213 1635 3272 11111111
1658 3200 1760 3271 tetris
1792 3201 1974 3270 erroribus
1997 3198 2167 3270 assentio·

126 3311 266 3384 luntati
288 3325 476 3404 parentum
497 3325 532 3382 et
555 3313 853 3401 gubernatorum,
894 3335 1049 3406 quorum
1070 3311 1127 3380 vi·
1177 3325 1272 3372 mur·
1341 3298 1543 3372 Tenesmus
1582 3302 1692 3393 igitur
1727 3299 1863 3372 dictsuu
1899 3299 2170 3393 Apostolorum,

128 3416 259 3486 demus
275 3415 442 3486 virtutem
456 3427 490 3484 et
507 3413 743 3503 integritatem
756 3415 801 3484 ab
824 3407 982 3483 honestis
1006 3408 1127 3483 homi·
1177 3405 1274 3496 quod
1291 3402 1330 3470 111
1346 3397 1445 3472 Actis
1461 3426 1536 3492 cap·
1555 3419 1683 3496 quarto
1699 3402 1873 3493 scriptum
1897 3415 1960 3475 est.
2010 3399 2093 3473 Non
2115 3413 2169 3470 est
2300 3413 2305 3420 '

126 3515 243 3588 nibus
259 3515 494 3606 comprobari.
530 3511 608 3605 Ego
625 3515 735 3604 igitur
750 3537 824 3584 uon
847 3537 1015 3608 quaeram
1041 3539 1128 3585 cau..
1177 3504 1276 3574 aliud
1304 3525 1457 3586 nomen,
1500 3501 1540 3570 in
1565 3528 1637 3596 quo
1663 3515 1803 3594 oportet
1828 3501 1944 3573 salvos
1969 3503 2065 3586 ficri,
2097 3500 2169 3570 nisi

126 3641 228 3702 um,
252 3639 317 3686 eur
330 3617 587 3702 adolescentes,
614 3615 653 3684 in
676 3616 738 3688 tali
761 3639 927 3686 consessu
951 3615 1126 3686 maiorum
1177 3628 1310 3676 nomen
1328 3602 1479 3674 Domini
1494 3605 1608 3674 nostri
1617 3604 1696 3674 Iesu
1709 3597 1853 3674 Christi.
1879 3601 2038 3693 Agnosci
2054 3601 2170 3674 lilium

127 3731 242 3799 natu,
282 3718 505 3811 quaestiones
532 3731 752 3810 proponant:
784 3719 847 3786 sed
874 3719 1031 3788 modeste
1060 3718 1128 3788 ob.
1177 3704 1246 3778 Dei
1261 3728 1401 3776 necesse
1417 3718 1483 3774 esi:
1511 3717 1546 3774 01
1568 3705 1760 3776 discrimen
1783 3705 2020 3776 invocationis
2042 3701 2169 3772 memi-

125 3819 338 3912 temperabo
362 3819 533 3890 carissimi
553 3819 663 3911 patris
692 3817 763 3888 mei
791 3817 990 3903 voluntati,
1027 3817 1127 3888 cuius
1178 3807 1346 3881 norimus.
1399 3803 1551 3878 Etiamsi
1573 3805 1675 3878 Plato
1699 3818 1761 3876 aui
1784 3803 1898 3876 Γ1111111
1919 3805 2100 3888 1111111111,
2132 3825 2170 3874 se

126 3919 359 3994 autoritatem
388 3943 452 3990 vos
472 3945 614 4016 quoque
635 3920 798 3990 venerari
819 3919 909 4007 scio,
946 3933 982 3990 et
1006 3919 1128 4012 publi·
1178 3910 1344 3980 invocare
1365 3903 1480 3978 Deum
1495 3931 1609 3978 11111111
1633 3907 1857 3980 10111111οΜ
1881 3929 2022 3992 rerum,
2051 3919 2170 3978 11111111

126 4047 195 4094 eae
226 4021 514 4108 consuetudinis
532 4045 639 4116 quam
661 4043 681 4092 s
702 4022 805 4092 vobis
825 4021 1048 4113 comprobari
1072 4025 1128 4090 vi.
1177 4033 1303 4082 avero
1325 4006 1403 4080 Deo
1432 4010 1619 4094 aberrant,
1661 4009 1745 4105 quia
1774 4003 1872 4082 hunc
1892 4033 1968 4080 000
1990 4007 2172 4092 invocant,

125 4128 223 4205 deo,
255 4147 392 4194 morem
418 4143 548 4214 geram.
611 4121 687 4194 Nec
716 4121 924 4194 indecorum
953 4135 1021 4205 est,
1061 4146 1127 4194 nos
1178 4111 1291 4208 quise
1306 4110 1470 4204 patefecit
1486 4113 1594 4182 misso
1610 4111 1704 4196 filio,
1728 4134 1794 4182 nec
1808 4114 1980 4184 accedunt
1994 4111 2038 4182 ad
2054 4107 2170 4181 Deum

124 4223 272 4321 aliquid
299 4222 519 4315 interrogare
547 4225 592 4295 de
623 4225 785 4296 doctrina
805 4221 1013 4316 Evangelii,
1045 4249 1126 4296 cum
1178 4213 1555 4286 (111111111111111011.

123 4323 300 4400 Christus
314 4327 358 4396 de
373 4342 493 4398 nostra
509 4339 622 4398 aetate
643 4327 790 4398 dixerit:
824 4325 939 4396 Sinite
959 4325 1127 4419 parvulos
1278 4313 1336 4386 Sit
1356 4313 1465 4404 igitur
1486 4311 1593 4384 infixa
1615 4311 1798 4384 mentibus
1819 4313 1952 4384 nostris
1972 4337 2040 4382 vos
2062 4307 2173 4384 Chri·

126 4432 177 4503 ad
197 4451 256 4498 me
273 4427 408 4514 venire,
422 4428 548 4500 talium
564 4443 615 4500 est
631 4451 779 4518 regnum
796 4427 989 4502 coelorum.
1022 4425 1127 4499 Certe
1177 4413 1241 4486 1111
1268 4413 1343 4506 Qui
1368 4439 1443 4484 ⁰0¹1
1464 4409 1618 4486 11010111
1639 4411 1794 4500 Filium,
1827 4439 1902 4486 ¹²⁰⁰
1929 4409 2171 4484 110111111Ρὸ-

125 4552 276 4604 necesss
289 4537 423 4600 ‘estnos
439 4531 485 4601 sd
509 4529 622 4600 filium
638 4529 730 4616 Dei,
755 4527 943 4600 dominum
962 4543 1125 4601 nostrum
1177 4531 1286 4602 irem,
1320 4516 1381 4589 Sic
1402 4518 1610 4588 decedamus
1633 4518 1679 4586 111
1702 4513 1865 4601 pultem,
1890 4513 2173 4586 11111111111111111-

127 4629 255 4707 lesum
270 4625 453 4704 Christum
477 4629 682 4702 crucifixum
707 4653 773 4722 pro
792 4631 898 4700 nobis
922 4643 958 4700 at
976 4631 1127 4702 recuset.
1177 4617 1327 4690 diatoris
1359 4641 1441 4688 euru
1464 4618 1680 4690 invocemus.
1736 4614 1815 4688 Hoc
1842 4617 1905 4712 qui
1929 4639 2003 4686 000
2023 4615 2172 4702 iaciunt,

125 4745 248 4808 tatum
266 4731 416 4820 adduci,
441 4727 509 4805 hoc
523 4745 593 4818 est,
619 4731 728 4802 multa
745 4732 847 4802 deso
861 4731 985 4804 audire
1000 4745 1036 4802 et
1057 4733 1127 4803 sci.
1177 4743 1243 4792 nec
1267 4721 1436 4790 invocant
1452 4715 1591 4804 Deum,
1615 4743 1680 4789 nec
1703 4733 1785 4790 sunt
1810 4715 1979 4790 haeredes
1996 4717 2090 4788 vitae
2111 4715 2172 4786 aa!

125 4835 274 4917 mitari,
306 4849 349 4906 ut
367 4859 449 4906 eum
471 4857 554 4905 vere
574 4855 816 4924 agnoscamus.
876 4829 961 4904 ldeo
984 4857 1127 4928 quaeso,
1176 4835 1318 4905 ternae,
1358 4843 1424 4890 nec
1447 4821 1607 4892 membra
1630 4815 1820 4894 Ecclesiae.
1884 4816 1955 4890 Sed
1981 4830 2016 4888 te
2037 4815 2174 4890 Ductor

123 4951 173 5012 ut
189 4959 304 5008 meam
321 4935 636 5028 interrogationem
651 4957 765 5030 aequo
778 4932 899 5004 animo
915 4936 1081 5006 audiatis.
1175 4915 1281 4994 Patre
1297 4915 1422 4994 dehac
1439 4923 1645 5017 quaestione
1661 4921 1838 5012 copiosius
1858 4919 2090 4994 disserentem
2106 4943 2173 4992 ass-.-

240 5035 427 5130 lnterrogo
453 5051 589 5110 antem:
632 5031 692 5106 Aa
723 5058 803 5106 cum
832 5057 975 5130 magna
1010 5039 1127 5112 virtus
1176 5023 1583 5100 (1111111111111111101.
1633 5021 1728 5098 Dixi.

102 5137 251 5235 ⁸luerit
275 5147 307 5210 st
328 5135 380 5210 sit
401 5135 623 5220 multorum,
656 5137 724 5237 qui
747 5159 823 5208 000
843 5147 980 5208 norunt
993 5133 1127 5232 filium

126 5237 217 5318 Dei
245 5235 437 5312 dominum
470 5247 636 5320 nostrum
666 5235 791 5310 lesum
817 5229 1037 5322 Clarorum,
1087 5249 1127 5310 ut

126 5339 286 5420 Numae
308 5335 505 5444 Pompilii,
528 5335 739 5432 murima,
763 5335 951 5434 Socratis,
974 5339 1127 5442 Scipio·
