4866 5990
290 247 367 326 290

288 517 438 594 Sueviae
461 523 638 607 praeerat,
670 512 829 580 deserere
853 505 987 574 noluit:
1020 503 1141 571 adesse
1166 513 1283 572 autem

260 621 266 634 ’
290 647 326 694 se
350 623 456 710 longe
478 614 671 696 maiorem,
698 605 905 720 Philippum
929 600 1203 676 Melantbonem
1227 603 1284 674 iu-

290 747 436 807 venem,
461 713 656 810 respondit.

389 906 548 978 Vocatur
562 902 681 994 itaque
696 895 773 968 Deo
790 897 840 966 sic
854 897 1005 977 volente,
1030 893 1284 981 Witebergam

293 1019 339 1087 ab
368 1009 550 1084 Electore,
585 1001 693 1074 Anno
724 999 874 1070 Domini
902 993 1156 1071 M.D.XVlll.
1181 1007 1285 1062 natus

290 1121 366 1210 ipse
387 1106 640 1195 annosviginti
657 1093 800 1184 unum,
826 1115 866 1170 ut
883 1123 1021 1190 graecas
1045 1099 1166 1168 literas
1180 1099 1283 1164 doce-

291 1234 363 1298 ret,
390 1215 487 1286 unde
502 1209 608 1298 vulgo
626 1207 701 1275 illic
716 1204 821 1274 initio
840 1226 984 1294 graecos
1002 1213 1053 1270 est
1070 1201 1196 1270 dictus.

395 1384 608 1459 Discedente
630 1378 679 1448 D.
695 1371 863 1467 Philippo
887 1372 1077 1462 Tubinga,
1104 1361 1286 1439 Simlcrus

292 1502 519 1588 praeceptor,
550 1477 608 1550 vir
634 1478 833 1550 eruditione
857 1489 1061 1568 praestans,
1094 1471 1287 1564 deploran-

294 1601 381 1668 dum
402 1613 475 1660 esse
495 1585 562 1658 toti
581 1581 714 1654 civitati
734 1581 809 1650 eius
827 1579 963 1650 abitum
979 1575 1089 1658 dixit,
1115 1588 1150 1644 et
1166 1573 1287 1642 subie-

294 1699 361 1782 cit,
386 1691 573 1782 Quotquot
590 1686 642 1755 ibi
660 1697 775 1754 essent
792 1681 887 1751 docti
909 1676 1090 1762 homines,
1116 1699 1190 1746 non
1213 1697 1286 1743 esse

294 1817 366 1871 tam
385 1799 517 1876 doctos,
539 1801 580 1860 ut
596 1775 847 1874 intelligerent,
874 1798 1006 1876 quanta
1021 1791 1111 1849 esset
1124 1778 1287 1847 doctrina

296 1903 382 1984 eius,
407 1897 469 1991 qui
485 1894 568 1962 inde
586 1901 751 1962 evocatus
765 1888 969 1955 discederet.
1022 1880 1094 1951 Nec
1109 1881 1219 1949 falsus
1237 1891 1288 1948 est

297 2029 361 2078 suo
383 1998 529 2072 iudicio.
578 1991 707 2065 Statim
731 1988 827 2057 enim
849 1984 912 2056 ubi
929 1983 1185 2072 Witebergam
1206 2005 1289 2074 per-

296 2105 414 2188 venit,
444 2114 632 2188 utramque
662 2092 839 2180 linguam,
872 2087 1046 2158 Graecam
1068 2099 1102 2156 et
1121 2083 1288 2155 Latinam

279 2205 436 2278 docuit:
463 2215 519 2285 et,
544 2210 584 2266 ut
599 2195 637 2264 id
654 2216 735 2263 cum
752 2192 870 2261 fructu
887 2201 1096 2282 praestaret,
1121 2209 1168 2255 ne
1183 2185 1289 2258 sudi-

298 2326 394 2381 tores
428 2297 676 2380 multitu'dine,
710 2307 745 2364 et
772 2293 975 2386 prolixitate
1008 2303 1289 2383 praeceptorum,

298 2433 388 2506 quae
411 2406 497 2476 alias
521 2399 666 2472 molesta
688 2410 791 2482 sunt,
817 2399 1082 2466 deterrerentur
1103 2415 1214 2483 eaque
1234 2389 1289 2458 fa-

299 2513 401 2586 cilius
424 2506 663 2580 addiscerent,
689 2513 874 2592 praecepta
898 2497 1082 2588 utriusque
1098 2489 1289 2562 Gramma-

299 2617 388 2688 ticae
411 2611 451 2679 in
465 2602 727 2696 Compendium
750 2601 904 2690 redegit,
929 2612 964 2668 et
978 2595 1127 2679 aedidit,
1150 2607 1191 2664 ut
1214 2617 1289 2663 non

298 2718 414 2790 solum
437 2712 510 2782 suis
534 2705 776 2788 auditoribus,
802 2705 864 2772 sed
885 2701 953 2771 toti
970 2696 1185 2770 Germaniae
1203 2719 1290 2766 con-

298 2820 448 2900 suleret,
470 2810 656 2902 studiaque
672 2807 876 2896 linguarum
892 2804 1107 2873 accenderet.
1144 2795 1193 2869 Et
1208 2799 1290 2891 pul-

298 2919 382 2996 chre
400 2911 586 3009 respondit
602 2924 760 2980 eventus.
811 2906 903 2978 Nam
919 2906 964 2974 ab
985 2904 1049 2974 illo
1070 2917 1228 2992 tempore
1251 2901 1290 2968 in

298 3023 465 3096 omnibus
488 3011 638 3097 scholis,
670 3027 704 3082 et
726 3008 890 3080 omnium
910 3028 1104 3100 puerorum
1126 3003 1291 3073 manibus

298 3125 413 3198 libelli
429 3129 625 3190 versantur.
845 3120 846 3123 ’

399 3273 497 3342 Haec
521 3269 754 3337 fundamenta
779 3263 843 3332 ubi
866 3258 1019 3346 iecisset,
1049 3285 1130 3330 cum
1156 3261 1293 3331 videret

299 3381 460 3458 obscure,
486 3385 520 3439 et
535 3368 698 3444 intricate
713 3377 895 3456 praecepta
910 3359 1130 3448 Rlaetorices,
1155 3375 1190 3437 vet
1205 3359 1293 3432 Dia-

299 3479 440 3550 lectices
461 3474 568 3562 vulgo
594 3469 689 3540 tradi
711 3467 751 3534 in
773 3461 923 3550 scholis,
951 3465 1165 3558 nullumque
1188 3488 1292 3534 usum

287 3582 431 3654 artium
456 3571 668 3654 monstrari,
692 3582 727 3638 et
747 3568 926 3660 exempla,
954 3567 1085 3660 quibus
1111 3581 1299 3666 praecepta

300 3681 512 3756 illustranda
535 3689 654 3757 erant,
688 3671 818 3764 partim
855 3693 928 3738 esse
961 3669 1130 3752 ridicula,
1163 3669 1293 3760 partim

245 3795 246 3798 ’
297 3812 386 3856 ‚vero
403 3806 513 3876 aeque
530 3780 699 3858 obscura,
723 3797 762 3842 ac
779 3773 853 3864 ipsa
878 3783 1082 3862 praecepta,
1108 3771 1295 3862 inquibus

301 3892 408 3960 etiam
424 3885 534 3954 multa
552 3877 693 3948 inutilia
710 3871 954 3957 habebantur,
981 3867 1078 3942 hunc
1093 3872 1131 3941 in
1148 3897 1185 3942 se
1200 3897 1294 3942 rece-

175 4037 178 4046 .
302 3993 355 4082 pit
376 3990 554 4066 laborem,
579 3973 685 4050 ut‘ex
704 3973 896 4046 Aristotele
920 3976 1016 4066 ipso,
1042 3972 1233 4061 Cicerone,
1261 3987 1297 4046 et

304 4089 550 4181 Quinctiliano
566 4082 721 4174 optima,
749 4091 782 4148 et
805 4077 1013 4169 praecipua,
1038 4100 1148 4167 pauca
1166 4092 1296 4161 tamen,

303 4195 333 4262 si
352 4193 397 4260 ad
422 4190 602 4277 ingentem
623 4184 730 4252 istum
749 4203 914 4250 acervum
936 4179 1186 4260 conserantur,
1213 4177 1296 4248 seli-

301 4305 401 4386 geret
419 4301 622 4381 praecepta,
649 4307 739 4378 quae
755 4282 908 4352 subinde
923 4281 1135 4374 quibusdam
1152 4280 1296 4365 additis,

305 4395 423 4476 ararit,
455 4405 496 4461 ut
526 4401 702 4479 postrema
729 4396 840 4453 artem
868 4397 978 4454 totam
1007 4383 1298 4472 complectantur.

305 4495 353 4568 Et
373 4495 455 4589 quia
479 4501 664 4584 praecepta
683 4487 778 4556 nuda
800 4509 917 4576 amara
940 4499 1042 4570 sunt,
1075 4498 1109 4555 et
1134 4485 1299 4568 obscura,

285 4597 459 4670 ‘illustria
486 4592 641 4674 addidit,
673 4601 706 4658 et
728 4589 831 4657 utilia
857 4587 1034 4678 exempla,
1061 4587 1191 4680 quibus
1214 4595 1300 4655 usus

307 4703 458 4783 artium,
490 4711 524 4766 et
547 4705 832 4787 praeceptorum,
858 4702 892 4758 et
911 4689 1090 4782 quomodo
1113 4689 1157 4760 ad
1178 4689 1299 4758 omnia

308 4802 465 4890 negocia,
488 4800 527 4868 in
542 4809 616 4866 tota
631 4794 717 4884 vita,
735 4792 780 4862 ad
798 4804 888 4862 artes
904 4805 937 4861 et
954 4790 1160 4882 disciplinas
1176 4812 1301 4861 omnes

299 4900 610 4975 vaccommodanda
652 4907 784 4979 essent,
833 4893 1101 4962 demonstravit.
1176 4890 1301 4987 anue

310 5005 430 5074 omnia
454 5016 549 5072 tanta
578 4997 844 5094 perspicuitate,
874 5007 909 5064 et
932 4995 1141 5065 dexteritate
1170 5019 1302 5087 propo-

310 5107 399 5196 suit,
426 5103 487 5174 tali
505 5099 758 5184 Methodof'et
774 5097 913 5176 ordine,
941 5097 1180 5190 exemplisque
1199 5098 1302 5166 addi-

311 5209 358 5279 tis
373 5209 420 5276 ita
436 5204 639 5287 illustravit,
663 5215 702 5274 ut
719 5198 967 5272 obscurissima
981 5199 1068 5268 alias
1082 5200 1303 5285 difficillima,

313 5323 347 5382 et
371 5305 649 5386 abstrusissima,
673 5305 718 5374 ab
735 5302 901 5374 omnibus
925 5300 1045 5386 facile,
1071 5315 1104 5372 et
1121 5302 1222 5373 nullo
1239 5327 1305 5372 ne·

313 5411 413 5503 goeio
430 5406 685 5496 intelligantur.
1337 5405 1340 5412 '

654 161 914 312 scatere
949 229 1025 304 AD
1060 224 1260 302 VITAM
1290 223 1367 302 ΕΤ
1402 225 1645 304 OBITUM
1678 165 1993 306 ΜΕΈΑΝΤΗ.Ι
2085 165 2088 168 ·

155 391 161 404 ’
201 450 205 464 ¹
288 413 426 490 audivi:
458 408 594 480 Verum
621 407 790 500 patriam,
823 401 880 472 cui
903 401 978 494 ipse
1002 412 1078 470 tum
1096 397 1284 470 Triumvir

2254 231 2345 303 800

1436 398 1622 470 Praeterea
1644 413 1694 492 ut
1706 401 1943 474 adolescentes
1963 404 2008 474 ad
2025 425 2144 472 veram
2162 397 2342 474 Philoso-

1334 497 1457 598 phiam
1476 527 1585 574 manu
1602 503 1703 598 quasi
1726 505 1933 588 deduceret,
1958 501 2144 600 Physices‚
2170 517 2205 575 et
2219 499 2343 576 Edri-

1335 628 1392 676 ces
1406 601 1591 697 Epitomas
1603 607 1740 678 conscri
1745 607 1826 698 psit,
1846 607 2039 699 inquibus,
2061 619 2101 677 ut
2115 607 2195 676 aliis
2210 609 2343 679 omni-

1335 708 1423 788 bus,
1447 733 1551 780 usum
1569 707 1849 801 disputationum
1863 703 2204 801 ¹philosophicarum
2223 735 2342 780 mon-

1336 810 1480 892 stravit,
1517 824 1622 904 atque
1655 812 1700 880 ad
1735 812 1844 882 vitam
1877 836 2112 884 communem,
2136 813 2343 900 transtulit.

1337 910 1455 1001 Quam
1472 926 1626 984 ‚venuste
1653 913 1749 984 enim
1773 911 1951 986 iusticiam
1981 915 2273 1004 commutativam,
2298 929 2341 986 et

1337 1015 1622 1114 distributivam,
1649 1038 1800 1108 querum
1825 1031 2012 1112 utramque
2037 1015 2243 1088 Aristoteles
2264 1043 2339 1088 ae-

1337 1117 1455 1214 qualia
1478 1117 1684 1210 aequalibus
1699 1120 1847 1188 reddere
1869 1121 1938 1204 ait,
1964 1121 2062 1188 illam
2079 1121 2226 1214 quidem
2241 1145 2339 1214 pro-

1338 1219 1502 1312 portione
1525 1215 1764 1310 aritbmetica,
1792 1217 1885 1292 hauc
1906 1247 1990 1292 vero
2014 1219 2258 1309 Geometrica,
2286 1223 2340 1293 ad

1338 1315 1562 1393 communem
1586 1322 1695 1394 vitam
1717 1324 1927 1414 applicavit,
1960 1349 2050 1418 quae
2076 1325 2114 1394 in
2138 1327 2340 1408 contracti-

1338 1425 1423 1510 bus,
1450 1437 1484 1494 et
1499 1447 1730 1516 personarum
1747 1426 1972 1512 ordinatione
1994 1427 2181 1499 consistit?
2232 1427 2343 1500 Utin

1338 1527 1577 1598 contractibus
1592 1525 1801 1618 simpliciter
1815 1529 1974 1620 precium
1988 1531 2168 1600 mercibus
2182 1553 2340 1624 respon-

1339 1630 1435 1701 deat:
1463 1631 1508 1698 ad
1530 1625 1686 1718 Reipub.
1710 1653 1815 1711 vero,
1841 1645 1877 1702 ct
1898 1631 2053 1702 aliorum
2074 1632 2272 1704 officiorum
2295 1634 2338 1702 in

1340 1731 1440 1800 omni
1457 1731 1529 1802 vita
1545 1731 1847 1816 constitutionem,
1864 1755 1939 1802 non
1955 1735 2100 1828 quosvis
2115 1735 2191 1803 sine
2204 1735 2338 1804 discri-

1340 1834 1436 1904 mine
1449 1857 1491 1904 ex
1506 1833 1638 1918 favore,
1664 1847 1808 1926 propter
1823 1835 2006 1926 imagines,
2028 1849 2062 1906 et
2076 1837 2214 1926 generis
2229 1861 2339 1928 prae-

1340 1937 1556 2026 rogativam,
1587 1948 1648 2006 aut
1673 1936 1797 2006 inanes
1826 1933 2235 2025 titulos,adhihend0s,
2273 1943 2339 2010 sed

1339 2038 1494 2128 optimos
1507 2061 1660 2130 quoque,
1686 2053 1720 2110 et
1735 2039 1886 2110 maxime
1900 2041 2059 2111 idoneos.
2095 2038 2193 2112 Haec
2210 2045 2242 2112 si
2259 2068 2340 2113 non

1340 2141 1591 2224 observentur,
1617 2139 1757 2210 civilem
1784 2136 1877 2212 hanc
1893 2143 2094 2214 communis
2107 2144 2201 2214 vitae
2220 2146 2340 2216 socie-

1340 2256 1448 2315 tatem
1475 2241 1665 2312 consistere
1689 2233 1762 2314 rion
1787 2267 1906 2335 posse,
1935 2248 1993 2316 sed
2022 2245 2153 2317 collabi
2175 2245 2343 2340 Respub.

1342 2358 1376 2414 et
1391 2344 1511 2416 omnia
1528 2343 1644 2435 perire
1666 2368 1806 2414 necesse
1825 2369 1909 2416 esse.
1962 2347 2066 2418 Talia
2081 2349 2194 2420 multa
2209 2375 2345 2422 occur-

1341 2460 1426 2517 runt
1447 2447 1486 2516 in
1508 2445 1647 2536 scriptis
1666 2444 1710 2518 D.
1725 2442 1905 2540 Philippi,
1931 2450 2063 2542 quibus
2083 2465 2175 2522 certe
2191 2451 2344 2524 Aristo-

1341 2549 1421 2619 telis
1445 2549 1656 2622 sententiam
1685 2543 1896 2636 illustravit,
1928 2565 1964 2622 et
1991 2575 2096 2622 usum
2120 2553 2260 2638 docuit,
2296 2571 2343 2627 nt

1342 2666 1433 2722 artes
1448 2651 1555 2724 finem
1573 2673 1677 2720 suum
1699 2668 2021 2746 consequerentur,
2048 2655 2111 2748 qui
2130 2669 2180 2726 est
2197 2657 2344 2729 utilitas

1342 2753 1462 2847 aliqua
1476 2753 1514 2820 in
1528 2753 1710 2836 communi
1725 2754 1810 2828 vita.

1385 2971 1398 2994 ,
1445 2901 1545 2992 Quid
1560 2905 1604 2972 de
1621 2898 1782 2998 Physicis
1797 2905 2117 2998 disputationibus,
2150 2925 2186 2982 et
2207 2913 2345 2988 libellis

1343 3005 1486 3076 dicam?
1517 3005 1604 3099 quid
1629 3007 1671 3074 de
1694 3001 1926 3098 Astrologicis
1948 3013 1991 3081 de
2014 3013 2139 3084 libello
2163 3015 2268 3098 item,
2303 3019 2343 3086 in

1343 3135 1414 3204 quo
1447 3131 1522 3176 non
1557 3119 1696 3178 tantum
1731 3111 1921 3180 deanima
1950 3114 2107 3200 disserit,
2143 3118 2204 3187 sed
2229 3120 2344 3190 totius

1344 3209 1494 3282 humani
1517 3209 1675 3302 corporis
1698 3211 1929 3299 formatione,
1963 3217 2124 3307 partibus
2153 3223 2346 3306 omnibus,

1344 3313 1546 3396 affectibus,
1579 3307 1810 3394 humoribus,
1844 3311 2041 3405 Anatome,
2077 3333 2113 3390 et
2138 3321 2346 3394 similibus?

1345 3415 1443 3506 Quid
1459 3417 1503 3483 de
1520 3409 1759 3484 Orationibus
1774 3417 2032 3505 elegantissime
2049 3423 2093 3492 de
2111 3424 2219 3494 variis
2235 3428 2345 3498 rebus

1346 3516 1508 3608 scriptis?
1529 3513 1615 3586 Dies
1632 3539 1688 3586 me
1703 3517 1965 3610 citiusdefieiat,
1984 3547 2091 3616 quam
2108 3549 2163 3594 res
2179 3539 2213 3597 et
2224 3530 2346 3600 verba.

1345 3619 1435 3690 Nam
1453 3619 1493 3686 in
1505 3632 1712 3706 argumento
1727 3633 1799 3689 tam
1814 3623 1957 3714 copioso
1972 3649 2077 3698 nemo
2092 3629 2180 3700 ade'o
2199 3630 2345 3702 ieiunus

1346 3736 1414 3807 est,
1439 3734 1480 3790 ut
1497 3721 1606 3789 verba
1623 3720 1656 3788 ei
1668 3714 1792 3792 'deesse
1806 3725 1953 3816 possint.

1447 3869 1539 3943 Cum
1557 3885 1673 3942 autem
1688 3897 1729 3946 eo
1744 3889 1901 3969 tempore
1916 3897 2181 3976 praeceptorum
2196 3881 2346 3960 Aristo-

1347 3974 1532 4044 telicorum
1549 3998 1634 4046 usus
1651 3999 1724 4044 nora
1740 3981 1958 4068 traderetur,
1984 3988 2043 4054 sed
2061 3987 2165 4057 etiam
2176 3983 2345 4079 philoso-

1347 4071 1433 4170 phia
1451 4077 1562 4169 ipsius
1584 4101 1604 4146 a
1627 4079 1720 4147 male
1740 4080 1873 4151 feriatis
1894 4079 2104 4158 bominibus
2120 4115 2198 4161 cum
2213 4086 2348 4166 Theo-

1348 4180 1441 4270 logia
1458 4179 1753 4282 confunderetur,
1779 4207 1902 4254 verum
1921 4201 2190 4282 praeceptorum
2206 4208 2243 4264 et
2259 4193 2347 4288 pbi-

1349 4276 1533 4372 losophiae
1555 4303 1659 4351 usum
1678 4287 1900 4361 monstravit.
1953 4285 2198 4364 Methodicam
2213 4310 2347 4370 tracta-

1350 4385 1484 4454 tionem
1500 4385 1544 4450 ad
1560 4385 1724 4454 materias
1735 4382 1969 4478 Theologicas
1985 4400 2278 4482 accommodavit,
2308 4429 2348 4472 ac

1350 4485 1534 4577 utriusque
1558 4487 1741 4556 doetrinae
1758 4485 1996 4582 Theologicae
2017 4510 2051 4566 et
2075 4491 2349 4593 philosophicae
2429 4585 2430 4592 ἵ

1351 4588 1542 4656 discrimen
1566 4601 1658 4658 recte
1681 4589 1813 4666 docuit.
1863 4592 1942 4666 Hoc
1965 4621 2047 4688 ergo
2075 4603 2264 4694 proprium
2282 4602 2351 4676 ba-

1350 4692 1427 4774 bet,
1452 4701 1486 4759 et
1510 4689 1686 4780 peculiare
1700 4688 1746 4762 Da
1764 4689 1972 4789 Philippus,
1997 4701 2137 4797 sibique
2156 4705 2235 4776 iure
2258 4734 2351 4778 ven-

1352 4793 1457 4876 dicat,
1482 4793 1578 4884 quod
1594 4807 1628 4864 et
1643 4793 1826 4884 pauciora,
1852 4814 1886 4872 et
1902 4802 2066 4874 breviora
2083 4829 2191 4900 quam
2208 4810 2349 4900 priores

1352 4893 1539 4968 tradiderit
1571 4910 1771 4987 praecepta,
1805 4914 1911 4996 atque
1945 4908 2114 4999 exemplis
2147 4911 2351 4984 utilissimis

1353 4995 1559 5082 illustrarit,
1584 5012 1618 5066 et
1634 5023 1738 5070 usum
1757 5025 1879 5072 eorum
1901 5012 2126 5097 monstrarit,
2150 5015 2269 5086 studia
2289 5043 2349 5087 ar-

1354 5100 1462 5181 tium,
1488 5099 1711 5188 linguarum,
1736 5125 1776 5172 ac
1792 5129 1894 5176 verae
1908 5091 2174 5204 philosophiae,
2200 5114 2349 5189 Mathe·
2429 5151 2430 5158 ¹

1355 5213 1489 5272 matum
1508 5224 1649 5294 quoque
1664 5225 1726 5273 sua
1748 5205 1941 5297 industria,
1966 5225 2002 5283 et
2016 5217 2206 5290 autoritate
2221 5243 2350 5292 accen-

1355 5304 1464 5387 derit,
1491 5315 1526 5372 et
1542 5304 1642 5397 quasi
1661 5307 1881 5397 postliminio
1897 5313 2092 5403 revocarit,
2114 5320 2230 5414 adque
2248 5347 2352 5394 com-

1357 5427 1500 5476 munem
1519 5405 1626 5478 vitam
1644 5409 1874 5486 transtulerit.
