4884 5950
275 175 351 248 919
763 87 1078 263 annocum
1102 134 1179 244 ιι
1212 162 1446 245 suavus
1475 160 1823 244 coucronss.
2231 169 2340 246 ιιο-

276 353 495 433 libertatem,
521 359 562 419 ut
582 345 869 431 meminerimus,
894 369 971 416 eam
994 344 1172 416 astrictam
1197 367 1270 415 esse
1318 339 1517 412 doctrinam
1534 340 1798 433 percipiendam
1817 363 1906 434 opus
1921 355 1992 430 est,
2011 343 2057 413 ab
2073 341 2318 416 adolescentia

276 451 450 523 drvmrtus
462 449 566 520 cerus
583 448 747 518 vinculis.
779 446 876 517 Haec
891 461 1039 541 propter
1051 448 1269 518 volontatem
1318 465 1458 513 ammos
1471 443 1648 512 assuefieri
1664 457 1699 515 et
1714 443 1866 525 mollin,
1891 459 1932 516 ut
1945 463 2063 514 amare
2084 440 2255 530 honesta,
2279 461 2318 518 et

274 553 344 626 Der
358 574 531 634 amemus
558 563 593 620 et
606 551 759 620 libenter
781 551 970 641 patiamur.
1021 547 1203 644 Tyrannis
1219 562 1271 619 est
1316 545 1439 634 fugere
1461 544 1744 664 turpitudinem
1742 547 1889 621 discant.
1942 543 2094 644 ltaque
2084 571 2162 617 rure
2183 549 2318 640 deplo-

277 679 416 727 sumere
431 655 500 723 sibi
514 653 713 722 libertatem
724 676 798 720 non
809 669 1007 722 concessam
1022 652 1170 742 legibus.
1194 649 1279 731 Fu·
1318 660 1399 718 rant
1421 669 1543 715 omnes
1567 647 1711 716 boni
1676 647 1746 716 vrri
1770 641 1839 716 hoc
1860 659 2017 741 tempore
2033 649 2141 718 nimis
2158 650 2318 720 laxatam

278 781 340 828 ror
356 770 417 840 est
442 779 515 823 non
531 755 718 838 fortitudo
744 755 966 846 disciplinam
983 769 1016 825 et
1034 752 1202 844 publica
1192 777 1269 822 ιιιιι
1319 771 1392 818 esse
1407 748 1642 838 disciplinam
1692 747 1761 819 Sed
1779 773 1858 818 cum
1873 750 2037 845 querelae
2058 775 2131 820 non
2155 753 2317 822 multum

278 873 512 929 contemnere.
571 853 637 925 Est
670 855 766 924 enirn
792 869 1016 945 contemptus
1042 855 1120 926 Dei.
1177 851 1269 924 Cum
1319 851 1523 942 proficiant,
1550 851 1638 919 illud
1661 865 1712 920 est
1732 851 1909 944 reliquum
1929 852 2052 938 nobis,
2076 855 2266 922 utbona'
2253 880 2316 922 ur·

277 957 341 1032 has
362 981 481 1028 causas
506 957 746 1042 obedientiae,
771 982 852 1027 eum
875 957 1099 1028 autoritatem
1120 955 1267 1046 Legum,
1319 951 1438 1042 genia,
1470 965 1643 1045 quantum
1664 975 1866 1042 possumus,
1898 953 2028 1025 nostris
2052 950 2316 1026 cohortationi-

279 1087 358 1132 cum
382 1059 449 1130 Dei
470 1060 703 1152 praesentiam
730 1059 769 1126 in
795 1055 958 1150 imperiis
989 1057 1270 1142 considerabitis,
1319 1054 1418 1152 bus'
1407 1069 1536 1122 uerum
1563 1054 1601 1122 in
1623 1057 1717 1122 viam
1739 1077 1961 1142 revocemus,
1987 1069 2021 1126 et
2042 1055 2252 1142 invitemus,
2272 1070 2317 1129 ut

262 1163 500 1251 intelligetis,
533 1185 640 1256 quam
662 1185 737 1230 non
760 1162 879 1230 deceat
895 1183 961 1230 nos
983 1161 1044 1230 illa
1059 1157 1269 1254 Cycloprcae
1318 1154 1522 1225 moderarr
1512 1167 1663 1248 rmpetus
1679 1177 1800 1240 aurun
1825 1171 1860 1229 et
1875 1152 1960 1228 haec
1976 1181 2177 1229 communia
2194 1159 2315 1230 officia

277 1264 451 1335 libertatis
482 1264 677 1355 cupiditas,
709 1287 749 1332 ac
774 1264 950 1348 statuetis,
982 1263 1147 1354 pietatem
1181 1285 1268 1342 esse,
1319 1257 1434 1328 civilis
1456 1257 1722 1327 consuetudinis
1745 1258 1860 1328 colere
1875 1259 2023 1330 discant
2073 1255 2121 1331 Et
2135 1274 2311 1354 quantum

275 1363 472 1438 honorifice
488 1377 523 1434 et
536 1377 741 1434 reverenter
756 1365 886 1434 senure
902 1367 948 1434 de
962 1363 1116 1454 legibus
1140 1386 1267 1457 easque
1319 1358 1601 1428 animadvertere
1632 1383 1797 1451 possum,
1839 1360 1878 1428 in
1909 1361 2147 1433 mediocribus
2172 1364 2313 1434 naturis

276 1491 413 1552 amare,
435 1467 971 1559 tanqusmcoelestedonum‚'
961 1463 1269 1560 rnqnoDeuslu-
1319 1455 1387 1530 hae
1415 1455 1677 1530 cohortationes
1708 1457 1876 1532 hactenus
1907 1464 2045 1558 aliquid
2074 1465 2311 1558 profecerunt.

277 1595 356 1640 cere
384 1593 483 1638 suam
509 1567 717 1660 sapientiam
747 1569 878 1652 voluit,
910 1569 1028 1662 eisque
1057 1569 1213 1638 libenter
1233 1579 1268 1638 et
1319 1560 1440 1652 Quare
1465 1562 1691 1633 nuncetiam
1713 1587 1776 1631 vos
1792 1559 1981 1646 adhortor
2007 1579 2048 1636 ut
2068 1569 2110 1635 ad
2126 1569 2310 1658 obtempe-

275 1695 405 1762 magno
422 1670 540 1740 studio
560 1694 695 1760 parere.
745 1669 865 1764 Atque
887 1665 1005 1738 haec
994 1693 1070 1762 apsa
1086 1671 1209 1738 de
1148 1669 1267 1758 digna
1318 1667 1490 1749 randum,
1533 1679 1568 1734 et
1606 1667 1651 1733 ad
1692 1665 1917 1757 disciplinam
1957 1691 2020 1736 vos
2059 1669 2305 1744 assuefaciatis.

276 1787 348 1844 tate
370 1773 508 1861 legum,
532 1773 577 1840 de
590 1769 826 1862 lmperrorum
847 1772 1132 1841 ordinationibus
1148 1770 1267 1864 quotr
1319 1763 1527 1835 Aristoteles
1542 1766 1606 1835 art
1631 1789 1805 1836 summam
1822 1791 1894 1837 esse
1911 1770 2187 1864 tyrannidem
2177 1795 2310 1840 unmo-

275 1877 334 1945 dre
349 1873 505 1945 auditis
494 1897 532 1942 ιιι
549 1869 700 1947 Scholrs
751 1871 872 1961 Quare
891 1897 966 1942 non
983 1872 1179 1943 existimavi
1197 1897 1267 1940 mr
1319 1868 1475 1938 deratam
1491 1867 1589 1958 vulgi
1612 1867 1802 1939 licentiam.
1854 1866 1903 1940 Et
1926 1871 2081 1961 protecto
2103 1873 2192 1963 qurd
2210 1871 2310 1941 alrud

276 1973 412 2047 hiram
445 1975 607 2064 longiore
640 1973 802 2044 oratione
829 1999 920 2065 opus
951 1998 1048 2046 esse„
1095 1973 1146 2046 Ut
1171 1975 1267 2044 enim
1318 1983 1402 2039 sunt
1416 1992 1522 2064 quam
1538 1971 1702 2065 tyranm
1725 1971 1804 2052 isti,
1832 1971 2028 2065 qu1uullos
2041 1973 2310 2062 gubernatores,

274 2080 337 2149 ille
356 2071 662 2170 pulcherrimae
629 2100 721 2145 vaces
742 2089 959 2166 temporum,
985 2089 1019 2146 et
1034 2099 1157 2146 cursus
1173 2076 1266 2146 sule
1319 2072 1507 2141 nullas
1451 2071 1543 2160 le,es
1557 2071 1640 2162 pttr
1664 2071 1792 2142 nullo
1781 2097 1858 2142 turc
1873 2075 1987 2144 tenen
2003 2075 2139 2154 volunt
2158 2101 2223 2170 qut
2237 2097 2311 2146 surs

275 2203 375 2264 rum,
400 2192 518 2260 ortus,
550 2201 712 2262 occasus,
736 2201 942 2267 congressus
964 2179 1160 2249 errantium
1182 2178 1266 2248 stel-
1317 2173 1570 2264 cupiditatibus
1583 2191 1702 2242 οιιιιιιιι
1717 2178 1863 2244 concedi
1879 2177 2069 2266 postulant.
2109 2173 2310 2248 listantem

275 2284 393 2352 larum
417 2293 451 2350 et
470 2279 663 2366 discessus,
692 2279 926 2350 maximarum
946 2281 1142 2350 utilitatum
1163 2303 1266 2349 causa
1318 2274 1561 2344 inimicissima
1585 2298 1705 2365 generi
1696 2270 1882 2346 humano
1904 2279 2076 2371 tyrannis.
2128 2278 2253 2368 Quare
2275 2294 2311 2350 et

276 2383 451 2454 divinitus
476 2381 658 2450 ordinatae
683 2397 783 2452 sunt:
821 2382 869 2451 ita
895 2382 1018 2452 scitote
1043 2397 1077 2452 et
1102 2383 1266 2474 politicos
1318 2377 1495 2446 licentiam
1520 2377 1619 2446 illam
1642 2377 1836 2448 existimate
1859 2379 2038 2450 inimicam
2059 2403 2134 2450 esse
2148 2381 2310 2452 societati

275 2507 393 2554 mores
415 2505 622 2574 magnarum
642 2484 837 2578 utilitatum
857 2505 961 2553 causa
980 2483 1154 2554 divinitus
1167 2483 1266 2553 ordi·
1317 2475 1505 2552 humanae.
1557 2476 1673 2574 Cyrus
1697 2482 1792 2570 apud
1809 2476 2083 2572 Xenophontem
2103 2497 2245 2566 narrat,
2271 2507 2310 2553 se

230 2667 233 2672 ,
276 2601 379 2657 natos
393 2609 476 2670 esse,
498 2585 663 2654 videlicet
677 2587 773 2678 quod
787 2599 882 2655 certo
898 2586 975 2654 iure
991 2585 1169 2656 connubia
1182 2585 1267 2654 iun·
1317 2605 1465 2672 puerum
1483 2581 1599 2674 plagas
1619 2582 1809 2672 accepisse,
1834 2597 2021 2676 propterea
2037 2587 2132 2678 quod
2149 2611 2229 2655 cum
2251 2585 2311 2654 iu-
2427 2593 2428 2602 ’

275 2701 420 2780 3ιιιιῑιιι,
439 2688 536 2780 quod
551 2689 721 2756 educmur
733 2701 768 2757 et
783 2687 983 2758 instituitur
996 2687 1145 2770 soboles,
1169 2689 1265 2782 quod
1316 2685 1382 2750 dex
1399 2697 1486 2752 esset
1499 2684 1613 2772 gregis
1634 2707 1846 2774 puerorum,
1870 2710 1967 2754 more
1983 2683 2137 2774 Persico,
2162 2701 2309 2758 senten-

275 2791 445 2860 coluntur
470 2789 679 2878 religiones,
706 2791 801 2883 quod
824 2789 956 2860 iudicia
976 2803 1200 2870 exercentur,
1226 2802 1267 2858 ut
1317 2783 1400 2852 tiam
1416 2785 1553 2854 tulisset
1570 2785 1742 2878 iniquam.
1783 2783 1872 2856 Cum
1890 2785 1985 2858 enim
2000 2791 2071 2858 duo
2087 2803 2203 2859 essent
2219 2813 2309 2880 pue-

225 2943 229 2946 -
271 2891 491 2982 argumentis
522 2903 557 2962 et
584 2892 744 2961 oratione
763 2892 996 3014 disceptetur,
1029 2891 1266 2984 possessiones
1316 2887 1346 2954 ri
1356 2911 1540 2980 quorum
1556 2887 1646 2956 alter
1658 2888 1929 2978 grandiusculus
1946 2901 1979 2958 et
1994 2892 2197 2981 procerior
2224 2894 2308 2960 bre-

275 2995 542 3078 discernantur,
581 2988 869 3085 prohibeantur
858 2993 1029 3080 iniuriae,
1064 3005 1104 3064 ut
1133 3015 1266 3085 poenae
1315 3013 1393 3056 secn
1410 2984 1562 3059 habebat
1580 2990 1758 3074 tumeam
1784 2991 1873 3061 alter
1888 2991 2023 3061 vrrrbus
2038 3005 2073 3062 et
2087 3008 2219 3063 statura
2236 3017 2307 3060 nu

274 3096 537 3166 constituantur
560 3094 600 3163 in
624 3094 824 3186 improbos,
852 3097 983 3188 quod'
972 3120 1011 3165 m
1027 3091 1157 3165 scholis
1174 3110 1266 3165 artes
1314 3114 1392 3176 nor,
1410 3115 1470 3184 qur
1462 3086 1635 3160 habebat
1648 3091 1843 3180 longiorem
1855 3093 2024 3179 tumeam
2037 3095 2153 3164 maior
2167 3095 2306 3185 longio-

274 3180 395 3268 utiles
397 3197 490 3266 vrtae
503 3210 755 3286 propagantur
789 3193 854 3265 Ac
869 3197 981 3266 veluti
999 3198 1089 3266 mira
1105 3192 1266 3288 pulchri·
1314 3217 1389 3262 rem
1400 3193 1556 3262 tumeam
1567 3193 1821 3263 sodalrmrnort
1837 3194 1951 3286 eripit.
1977 3195 2013 3268 Is
2024 3219 2105 3266 cum
2116 3210 2206 3268 esset
2218 3197 2308 3266 affe-

274 3300 363 3370 tudo
381 3310 432 3366 est
448 3297 485 3365 in
503 3296 709 3366 illoordiue
732 3311 893 3368 motuum
915 3298 1137 3383 coelestium,
1161 3300 1209 3368 ita
1225 3299 1264 3366 in
1314 3309 1390 3366 ctus
1403 3317 1546 3376 incursa,
1567 3295 1681 3364 defert
1695 3319 1770 3366 rem
1784 3297 1828 3366 ad
1841 3293 1975 3392 Cyrum
1990 3297 2153 3372 iudicem
2186 3295 2303 3390 Cynts

274 3395 344 3470 hoc
358 3399 484 3468 ordine
502 3398 719 3488 politico,
690 3421 720 3466 ιι
738 3411 832 3468 recte
849 3399 1136 3486 considerabitis,
1162 3401 1265 3468 miri-
1313 3397 1580 3486 cognituram,
1606 3397 1820 3488 pronunciat
1834 3421 1985 3493 aequum
1999 3422 2084 3484 esse,
2107 3415 2144 3470 ut
2158 3399 2303 3489 longio-

274 3503 375 3571 licam
406 3495 709 3592 pulchritudinem
740 3523 814 3570 esse
842 3501 1141 3576 animadvertetis.
1192 3499 1265 3573 Nec
1314 3523 1388 3568 rem
1402 3499 1559 3568 tunicam
1575 3493 1703 3569 habeat
1717 3501 1906 3590 procerior.
1937 3497 2064 3572 Postea
2077 3525 2155 3572 cum
2168 3523 2301 3591 provo-

273 3628 358 3672 vero
382 3603 456 3672 ulla
483 3598 671 3672 harmonia
700 3615 750 3672 est
780 3603 924 3672 suavior
950 3629 989 3674 ac
1015 3605 1107 3674 vitae
1129 3604 1263 3676 utilior.
1312 3602 1504 3672 careturacl
1518 3625 1650 3688 senem,
1661 3601 1721 3694 qui
1734 3615 1891 3692 praeerat
1903 3604 2031 3694 pueris
2044 3599 2306 3698 damnataCyri

275 3704 396 3794 Quare
412 3699 508 3773 hunc
521 3704 697 3785 ordmem
724 3719 758 3774 et
774 3700 867 3774 hanc
881 3699 1136 3774 harmoniam
1119 3721 1264 3776 cuntur
1312 3703 1502 3785 sententia,
1529 3727 1632 3772 suum
1656 3705 1784 3796 cuique
1805 3705 1982 3789 redditur,
2003 3720 2037 3776 et
2051 3729 2157 3776 senex
2169 3701 2306 3799 Cyrum

272 3807 376 3889 bare,
409 3806 611 3876 immanitas
635 3807 809 3900 quaedam
836 3818 888 3875 est
919 3807 1164 3896 indignissima
1197 3802 1264 3877 ho·
1313 3827 1421 3892 vrrgrs
1435 3805 1531 3873 caedi
1550 3805 1660 3877 rubet
1697 3801 1859 3899 Cumque
1873 3802 1987 3902 Cyrus
2002 3806 2211 3898 disputaret,
2235 3807 2305 3876 sibi

271 3909 379 3979 mine.
429 3905 527 3978 Haec
550 3931 592 3978 eo
616 3909 913 4000 compensatus,
945 3923 1083 3980 tantum
1104 3923 1145 3980 ut
1165 3934 1264 3979 corn·
1311 3907 1703 3999 aequumesseviscun,
1727 3901 2084 3998 utlongiorhaheret
2104 3908 2303 3999 longiorem

272 4001 528 4079 moneiacerem
545 4033 627 4096 vos,
651 4023 692 4081 ut
707 4010 1007 4102 quemadmodum
1023 4013 1121 4082 decet
1145 4007 1264 4080 homi-
1312 4023 1460 4098 vestem,
1486 4009 1669 4099 respondit
1695 4029 1819 4078 senex·
1861 4007 1954 4082 lusta
1977 4033 2070 4095 esse,
2105 4035 2184 4080 non
2211 4035 2303 4106 quae

273 4135 338 4179 nes
368 4112 542 4194 literatos,
576 4105 684 4181 hrrius
711 4111 819 4180 officii
849 4133 1008 4204 caracam,
1040 4137 1148 4207 quare
1171 4113 1264 4202 leges
1312 4110 1416 4180 nobis
1440 4111 1646 4180 viderentur
1668 4135 1797 4204 aequa,
1819 4115 1877 4180 secl
1898 4136 1988 4205 quae
2010 4112 2147 4218 legibus
2170 4113 2305 4186 consti-

273 4199 446 4282 amaudae
471 4227 505 4281 et
520 4213 687 4282 colendae
701 4212 791 4297 smt
817 4213 1005 4303 diligenter
1023 4217 1262 4286 consuleretis
1311 4225 1386 4282 tuta
1406 4227 1502 4286 scint.
1553 4209 1630 4282 Hac
1655 4213 1857 4286 narratione
1881 4211 2090 4303 significat,
2094 4237 2162 4284 nos
2185 4215 2298 4305 legum

272 4313 413 4385 Deinde
432 4309 499 4383 hoc
515 4313 655 4400 scitote,
683 4339 830 4404 prunam
847 4337 920 4384 esse
934 4318 1118 4399 virtutem,
1144 4341 1263 4386 assue-
1310 4313 1478 4400 arbitrio,
1508 4339 1583 4384 nou
1603 4329 1742 4400 nostro,
1774 4315 1894 4384 vivere
1918 4318 2058 4390 debere.
2116 4315 2239 4410 Atque
2259 4339 2299 4385 ea

272 4418 347 4486 lieri
364 4415 408 4485 ad
426 4416 649 4506 disciplinam
666 4431 699 4486 et
712 4418 758 4491 ad
771 4417 1021 4492 obedientiam.
1065 4417 1162 4489 llaec
1177 4444 1263 4487 con·
1310 4417 1452 4485 ιΙιιιιιιιιι
1483 4411 1628 4487 honesta
1661 4430 1695 4486 et
1723 4416 1900 4506 praeclara
1924 4441 2016 4502 esse,
2047 4443 2138 4512 quae
2164 4418 2303 4507 legibus

272 4521 422 4588 suetudo
446 4541 520 4587 non
543 4543 585 4587 eo
609 4533 746 4590 tantum
766 4522 925 4609 prodest,
950 4521 1033 4613 quia
1056 4521 1261 4601 confirmata
1310 4519 1526 4610 probantur,
1559 4543 1633 4588 non
1665 4542 1755 4612 qnae
1785 4518 1932 4610 privatis
1957 4521 2013 4589 vel
2044 4519 2303 4611 cupiditatibus

272 4619 402 4688 ferocia
428 4633 558 4702 aetate,
592 4636 711 4710 postea
743 4620 861 4690 nullas
890 4623 1023 4712 patitur
1047 4623 1157 4712 leges:
1189 4621 1258 4692 Sed
1310 4621 1364 4690 vel
1381 4621 1520 4689 iudiciis
1534 4633 1714 4710 geruntur.
1749 4619 2304 4713 ldeoinomnivitavobispro-

269 4719 354 4788 ideo
378 4723 481 4790 etiam
505 4725 698 4792 necessaria
722 4737 795 4802 est,
820 4722 1041 4814 quianullus
1063 4725 1100 4792 in
1119 4717 1175 4794 his
1193 4719 1260 4792 ho·
1309 4722 1431 4814 ponite
1468 4723 1578 4813 leges,
1617 4737 1786 4815 tanquam
1823 4726 1930 4794 duces
1966 4737 2001 4794 et
2034 4723 2303 4812 gubernatrices

273 4835 453 4891 nestorum
476 4824 673 4894 officiorum
702 4824 903 4894 intellectus
932 4847 1006 4893 esse
1034 4840 1164 4916 potest,
1197 4826 1259 4918 qui
1308 4825 1468 4893 omnium
1486 4823 1715 4902 consiliorum
1732 4837 1837 4918 atque
1851 4825 2051 4909 actionum,
2074 4849 2185 4918 eaque
2202 4824 2243 4894 iu
2263 4851 2303 4896 re

272 4947 347 4992 non
371 4940 454 4994 sunt
477 4926 670 4998 assuefacti.
727 4921 898 4994 Doctrina
924 4949 987 5016 per
1012 4949 1048 4996 se
1075 4953 1149 4997 ιιοιι
1175 4929 1259 4997 satis
1307 4950 1370 4994 vos
1383 4923 1461 4995 Deo
1476 4941 1613 5016 gratum
1630 4926 1743 4994 lacere
1759 4927 1890 4996 scitote.
1940 4923 2300 5018 Haucobedieutiam

271 5026 365 5095 valet
384 5027 426 5092 ad
448 5027 652 5097 formandos
674 5027 831 5110 animos,
857 5029 917 5096 sed
940 5051 1077 5096 necesse
1094 5043 1145 5099 est
1160 5053 1258 5098 acce·
1306 5023 1403 5097 Deus
1426 5029 1548 5098 multis
1577 5028 1713 5116 magnis
1740 5029 1906 5120 praemiis
1928 5029 2083 5100 ornabit.
2140 5025 2301 5100 Econtra

271 5131 354 5196 dere
367 5127 590 5218 disciplinam
606 5132 649 5198 ad
675 5125 768 5198 hanc
784 5130 1093 5217 assuefactionem,
1116 5131 1208 5200 sicut
1224 5145 1258 5201 et
1306 5130 1470 5200 dubitare
1485 5155 1560 5200 non
1573 5131 1727 5214 debetis,
1753 5131 1841 5228 quin
1859 5131 2114 5202 contumaciam
2130 5133 2300 5220 gravibus

269 5231 477 5300 Aristoteles
498 5230 630 5321 inquit:
645 5297 650 5302 ,
663 5229 711 5301 Ut
733 5248 825 5300 terra
841 5255 914 5300 non
930 5231 1025 5302 fovet
1045 5247 1185 5326 :accepta
1202 5257 1257 5301 se-
1306 5233 1429 5321 poeuis
1453 5235 1644 5323 puniturus
1666 5231 1721 5304 sit.
1773 5231 1833 5301 sie
1855 5231 1950 5300 enim
1973 5233 2091 5326 inquit
2107 5234 2299 5323 scripturas

269 5333 386 5418 mina,
413 5331 481 5402 nisi
502 5332 547 5402 sit
567 5331 709 5402 subacta
728 5348 761 5404 et
782 5333 919 5403 mollita
943 5333 1115 5406 aratione:
1142 5335 1190 5406 itu
1210 5337 1254 5404 ad
1304 5331 1495 5405 Calamitas
1516 5349 1552 5405 et
1572 5334 1732 5406 confusio
1749 5333 1882 5404 accidet
1905 5328 1976 5420 lais,
1999 5335 2062 5429 qui
2078 5335 2209 5406 nolunt
2225 5335 2299 5428 pati
2424 5411 2425 5428 ,
