4896 5974
147 171 221 248 681

192 443 234 514 ln
250 469 320 538 qua
336 441 519 534 Evangelii
536 449 701 535 dogmata
719 469 807 538 pura
824 461 961 516 sonant.

143 546 302 641 Namque
318 547 412 618 Deus
427 549 555 619 transit
572 573 634 640 per
650 547 781 638 Mundi
797 549 914 619 secula
929 564 1066 630 cuncta,

192 645 241 720 Ut
259 662 378 718 coetus
393 649 533 742 aliquos
549 652 670 740 iungat
687 665 720 721 et
736 650 809 742 ipse
826 649 922 744 sihi,¹

140 748 211 834 Nec
226 773 336 840 genus
350 747 546 822 humanum
563 754 659 846 quod
673 752 788 840 imago
805 752 930 823 debuit
944 776 1018 838 esse

189 851 369 942 Autorem
381 855 558 948 reserens,
582 878 688 926 omne
704 853 824 947 purire
837 855 933 924 sinit.

140 953 389 1047 Quosquesibi
399 957 572 1041 adiunxit,
595 957 769 1028 locatuno
783 957 821 1026 in
831 957 962 1026 vertice
971 969 1130 1042 cunctos,

187 1055 299 1127 Nemo
315 1059 417 1128 illum
434 1083 473 1128 cx
490 1057 557 1128 alia
573 1082 714 1128 cernere
729 1061 811 1126 sede
830 1073 954 1149 potest.
1019 1108 1024 1120 .

140 1156 188 1228 Hi
205 1184 327 1230 vocem
345 1175 557 1250 agnoscunt,
580 1175 614 1230 et
628 1161 717 1230 lacta
734 1160 890 1249 ingentia
908 1162 1061 1240 dextrae,

190 1259 483 1354 praesentemque
499 1263 623 1332 vident
637 1285 776 1353 semper
791 1265 910 1330 adesse
928 1259 1056 1333 Deum.

139 1361 403 1457 Expectantque
417 1365 503 1458 olim
520 1378 690 1436 venturae
706 1364 833 1453 gaudia
852 1362 954 1449 vitae,

188 1462 236 1536 Et
249 1467 343 1536 bona
359 1467 565 1560 quaenulto
580 1481 663 1538 srrnt
677 1465 831 1558 peritura
848 1466 916 1536 die.

142 1565 245 1638 Tunc
260 1593 324 1636 nec
338 1583 443 1638 erunt
458 1569 668 1639 discedentis
684 1568 827 1656 vestigia
845 1581 995 1648 tantum,
1055 1625 1058 1632 .

188 1667 262 1738 Nec
275 1683 413 1740 tantum
428 1671 532 1760 longe
547 1683 641 1760 terga
659 1669 809 1738 videnda
827 1667 910 1736 Dei:
1031 1704 1036 1716 ι

140 1769 207 1840 Sed
226 1772 364 1860 fulgore
379 1795 472 1841 novo
492 1773 637 1862 propius
651 1769 885 1860 spectabimus
900 1791 974 1852 ora,

187 1869 378 1966 Colloquio
392 1873 536 1942 dabitur
548 1885 789 1964 perpetuoque
804 1871 886 1947 irai.

139 1969 295 2062 Arcanas
311 1997 431 2046 causas
446 1975 603 2066 inspecto
619 1972 890 2056 lentescimus,

188 2072 236 2148 Et
249 2090 367 2166 gratae
380 2089 516 2145 mentes
533 2087 678 2146 munera
696 2086 791 2144 tanta
809 2085 947 2152 canent,

139 2177 276 2249 Interea
291 2179 395 2248 bellis
407 2179 608 2248 lacerantur
621 2199 748 2266 regna,
773 2197 923 2267 suasque

188 2279 233 2352 In
246 2304 380 2371 poenas
395 2281 468 2351 fato
485 2281 641 2350 mundus
654 2278 786 2370 ubique
802 2277 885 2350 ruit.

139 2380 191 2454 Ac
204 2384 303 2452 velut
318 2384 465 2472 aggestis
481 2379 640 2474 Tytanas
654 2379 837 2448 montibus
852 2398 967 2458 ausos,

190 2487 246 2556 Ad
263 2486 449 2554 sublimem
466 2497 588 2554 arcton
603 2481 878 2564 scanderefama
893 2481 1012 2562 relect,

122 2585 363 2683 ,Conatosque
380 2586 483 2656 astris
499 2583 678 2667 extinctis,
701 2582 820 2652 omnia
836 2603 959 2650 rursus

190 2689 232 2760 ln
249 2706 350 2761 vetus
367 2702 401 2760 et
417 2704 560 2758 coecum
575 2699 711 2756 vertere
725 2685 833 2754 mixta
851 2679 974 2768 chaos:

141 2793 292 2865 Turcica
304 2791 355 2860 sic
369 2791 484 2860 rabies
498 2789 628 2881 passim
644 2810 716 2856 sese
732 2784 841 2876 impia
855 2785 972 2856 iactat:

183 2892 369 2965 Adversus
385 2905 529 2980 gnatum
547 2889 639 2958 bella
654 2911 796 2956 movere
813 2883 897 2956 Dei,

142 2993 302 3091 Denique
316 3019 396 3066 cum
412 2994 519 3064 variis
535 2993 715 3084 quatiatur
730 2990 887 3059 motibus
902 2983 1026 3068 Orbis,

186 3097 365 3168 Exercent
378 3091 511 3167 Christi
530 3094 640 3163 multa
655 3091 783 3183 pericla
800 3101 967 3180 gregem.¹
1045 3122 1049 3130 ·

138 3201 207 3274 Sed
227 3217 346 3270 tamen
363 3195 427 3268 hos
444 3199 537 3265 intcr
553 3209 723 3282 terrores,
750 3188 890 3283 festaque
908 3190 1034 3260 mundi
1082 3185 1086 3192 ’

186 3301 319 3378 Dextra
337 3301 414 3393 pios
430 3313 549 3370 coetus
564 3296 716 3390 protegit
731 3294 804 3387 ipsa
819 3293 900 3364 Dei.

132 3517 1127 3552 ‚W

958 3707 1007 3750 an.
1024 3685 1118 3752 1543.

952 3774 1124 3801 Μ

139 3701 205 3770 No.
220 3697 309 3770 200.

143 3793 319 3830 *⁹⁹⁹
398 3843 403 3852 .

129 3961 131 3966 .
157 3968 162 3976 ,
208 3913 293 3990 Apud
313 3911 440 3968 Vinceut.
459 3909 556 3984 pilo.

139 4073 389 4172 Epitaphium
433 4025 614 4142 Giberti
666 4061 899 4158 Longolii,
955 4057 1134 4130 Doctcris

158 4173 345 4250 Medicae
367 4177 486 4264 artis,
514 4173 578 4264 qui
600 4175 770 4238 mortuas
793 4171 848 4232 est
869 4159 905 4230 d.
930 4155 993 4234 30.
1009 4163 1109 4234 Maii

349 4273 460 4351 1543.
487 4274 658 4346 Coloniae
684 4268 930 4362 Agrippinae.

141 4431 223 4504 Hoc
238 4427 370 4518 tegitur
384 4422 477 4494 Saxo
495 4416 637 4514 Giberti
653 4411 915 4506 corpusinane,
1012 4493 1014 4498 Ι

193 4527 392 4621 Longoliae
406 4519 600 4615 gentis'qui
618 4517 686 4586 fnit
703 4519 792 4586 alter
808 4509 934 4582 honos.

140 4637 330 4710 Dicentem
345 4615 499 4698 Ausonii
517 4621 599 4689 vivo
616 4615 788 4688 Cicerone
805 4614 1025 4705 probassent,

196 4736 337 4806 Tantus
353 4730 392 4797 in
408 4723 542 4818 eloquii
557 4720 705 4789 ilumine
719 4716 888 4808 splendor
900 4725 985 4781 erat.

142 4836 195 4912 Et
211 4861 300 4930 quae
317 4829 499 4901 doctrinae
515 4825 630 4894 sontes
647 4831 742 4890 tenet
755 4811 873 4886 Attica
888 4815 1022 4904 lingua,

200 4939 261 5020 Sic
276 4935 343 5028 ipsi
359 4945 528 5022 tanquam
543 4921 656 5015 patria
671 4933 754 4990 uota
770 4918 850 4988 fait.

145 5041 304 5116 Naturae
319 5034 436 5104 varios
450 5027 577 5100 didicit
592 5037 781 5114 motusque
796 5019 960 5108 vicesque

199 5139 250 5212 Et
265 5161 355 5234 quae
372 5122 468 5204 loeta
481 5126 671 5199 hominum
685 5143 834 5193 munera
850 5133 943 5188 terra
958 5117 1063 5208 parit.

145 5243 285 5318 Calluit
299 5253 333 5310 et
348 5235 522 5306 medicam
538 5232 730 5320 dextreque
745 5219 900 5292 exercuit
913 5231 1036 5300 artem,

204 5341 370 5436 Aegrotis
388 5337 514 5410 solitus
529 5333 621 5404 ferre
636 5329 841 5422 frequenter
856 5343 971 5416 opem.

874 165 1199 252 canutuuu
1218 167 1354 266 ,ntra
1380 169 1460 246 111.

140 339 188 416 Et
204 342 363 412 latebrae
379 341 482 412 nohis
498 323 703 415 subeundae
717 339 873 414 Ecclesia
891 346 966 416 sola
982 361 1044 432 est,
1142 429 1143 432 Ἴ

2100 180 2176 256 682

1184 340 1296 412 Pestis
1312 341 1507 436 Agrippina
1523 367 1603 416 cum
1618 361 1834 437 grassaretur
1849 351 1886 422 in
1902 355 1990 426 urbe'

1233 443 1377 536 Eripuit
1392 471 1514 516 saevae
1531 472 1678 539 corpora
1695 453 1805 522 multa
1824 456 1913 526 neci.

1184 543 1225 615 ld
1242 549 1406 618 meritum
1424 549 1514 638 grati
1529 551 1621 618 cives
1638 553 1850 640 meminere,
1875 557 2063 654 feruntque
2169 541 2175 625 ἶ

1233 647 1285 716 Ac
1303 663 1412 718 artem
1429 653 1574 723 laudant
1589 653 1815 746 ciliciumque
1832 658 1912 728 viri.

1182 744 1337 820 Dotibus
1352 747 1407 821 his
1422 753 1530 822 tantis
1543 767 1655 824 castos
1669 757 1861 846 adiungere
1876 785 2005 841 mores,

1231 847 1280 922 Et
1294 855 1430 923 studuit
1446 879 1528 922 vera
1544 871 1660 926 mente
1676 857 1800 928 timere
1815 859 1944 938 Deum.

1181 949 1276 1022 Huic
1298 968 1417 1026 tamen
1441 955 1593 1027 extincto
1617 960 1784 1052 quidam,
1809 963 1871 1054 qui
1894 965 2023 1056 templa
2040 967 2170 1056 guber-

1693 1076 1791 1145 nant,
1862 1121 1864 1124 .
1911 1099 1915 1108 ·

1232 1154 1313 1224 lura
1329 1159 1530 1249 sepulturae
1545 1162 1867 1258 sanctalocumque
1881 1183 2021 1256 negant.

1179 1247 1259 1328 Non
1277 1260 1396 1352 aliquo
1413 1262 1517 1330 talem
1535 1265 1665 1334 meruit
1681 1288 1746 1355 pro
1761 1267 1909 1337 crimine
1926 1295 2088 1359 poenam,
2153 1299 2155 1310 ι

1231 1360 1301 1430 Sed
1319 1363 1414 1452 quod
1432 1361 1524 1432 Vera
1539 1359 1608 1434 Dei
1625 1366 1718 1436 iussa
1736 1368 1909 1456 professus
1923 1386 2009 1447 erat.

1180 1460 1263 1534 Sola
1279 1464 1362 1531 novi
1378 1464 1445 1534 fuit
1462 1465 1561 1535 iratis
1575 1461 1661 1536 haec
1677 1491 1780 1538 causa
1795 1470 1942 1552 luroris,

1229 1563 1312 1632 Non
1326 1561 1514 1654 Evangelii
1527 1567 1663 1636 lumina
1679 1570 1772 1639 ferre
1787 1589 1934 1664 queunt,

1179 1663 1260 1734 Iluc
1280 1667 1386 1753 igitur
1401 1664 1565 1736 Bonnam
1581 1691 1708 1760 corpus
1725 1657 1928 1744 venerabile
1942 1673 2096 1750 Rhenus

1230 1765 1368 1838 Detulit
1383 1769 1538 1838 adversis
1555 1771 1731 1840 officiosus
1748 1774 1859 1866 aquis.
2165 1787 2170 1795 '

1178 1867 1225 1940 Et
1242 1871 1349 1938 lanus
1364 1895 1491 1958 magno
1507 1872 1676 1960 gemitum
1691 1897 1771 1942 cum
1785 1876 1929 1952 duceret
1945 1875 2090 1968 isthinc,

1231 1968 1373 2040 Dicitur
1388 1995 1407 2041 a
1423 1969 1614 2066 lachrymis
1632 1973 1843 2070 intumuisse
1856 1982 1939 2052 suis.

1179 2071 1249 2144 Sed
1264 2095 1364 2142 mens
1380 2097 1459 2142 cara
1474 2073 1569 2158 Deo,
1595 2077 1690 2168 quod
1708 2099 1768 2168 spe
1783 2081 1944 2174 votisque
1956 2083 2093 2174 petivit,

1231 2173 1333 2244 Nunc
1350 2175 1482 2246 fruitur
1496 2176 1599 2247 vultu
1614 2177 1766 2249 maxime
1781 2175 1922 2254 Christe
1939 2197 2012 2255 tuo.

1190 2393 2167 2426 Q

1179 2541 1245 2613 No.
1261 2543 1347 2614 201.
1432 2569 1434 2573 ’
1507 2583 1512 2590 -

1186 2639 1358 2667 Μ
1990 2611 2161 2681 Μ..

1247 2757 1330 2834 xpus
1353 2741 1479 2811 vincet«.
1497 2741 1600 2824 pits.
1658 2699 1664 2720 ’

1358 2915 1602 3010 Epitaphium
1621 2910 1774 3012 'Cleopes
1799 2923 1989 3020 Vaplerae.

1179 3084 1323 3173 Frigida
1341 3083 1377 3152 in
1395 3077 1463 3154 hoc
1478 3083 1615 3152 tumulo
1633 3080 1770 3154 Mariae
1786 3101 1870 3158 sunt
1886 3079 2151 3184 ossas'epults,x
2199 3142 2208 3170 ι

1232 3185 1332 3274 Quae
1349 3186 1466 3255 iuncta
1481 3183 1612 3276 Cleope
1628 3186 1774 3256 nomine
1789 3190 1881 3262 dicta
1896 3193 1976 3262 fuit.

1179 3288 1297 3379 Digna
1326 3288 1477 3382 quidem
1493 3281 1562 3356 hoc
1583 3281 1707 3372 titulo,
1745 3315 1834 3383 quae
1852 3316 1969 3363 mores
1990 3296 2064 3387 ipsa
2085 3321 2169 3390 pro-

1676 3390 1867 3478 ·lessaest,
2049 3395 2050 3398 ’

1231 3483 1405 3578 Exemplo
1419 3483 1568 3578 Cleopes
1582 3511 1736 3578 congrua
1754 3494 1825 3562 vita
1841 3495 1922 3567 fuit.

1182 3591 1406 3683 Supplicium
1422 3592 1565 3680 quando
1582 3613 1647 3678 pro
1664 3593 1768 3660 nobis
1785 3587 1948 3665 Christus
1963 3599 2087 3685 obivit,

1234 3691 1415 3790 Sanguine
1429 3704 1469 3760 ut
1482 3690 1642 3768 ablueret
1656 3693 1706 3762 cri
1712 3697 1806 3764 mina
1823 3711 1942 3766 nostra
1958 3720 2036 3782 suo,

1184 3793 1438 3900 'iunc1Cleope
1455 3805 1623 3860 moestam
1640 3793 1801 3863 comitari
1818 3810 1869 3866 est
1882 3821 1965 3884 ausa
1984 3821 2154 3891 sororem,

1236 3895 1332 3966 Vicit
1347 3895 1440 3964 enim
1458 3893 1570 3982 pietas
1583 3917 1664 3984 aera
1683 3895 1837 3992 fidesque
1852 3915 1997 3972 metum.

1184 3993 1233 4072 Et
1250 3997 1395 4066 missum
1413 3991 1510 4064 hunc
1525 3993 1622 4062 coelo
1638 4009 1758 4066 testata
1775 3989 1912 4070 estesse
1929 4003 2149 4094 magistrum,

1237 4101 1353 4193 Seque
1369 4097 1444 4168 eius
1460 4109 1535 4168 toto
1550 4109 1688 4188 pectore
1705 4099 1829 4190 dogma
1850 4104 1960 4195 sequi.

1187 4203 1247 4276 Sic
1259 4199 1390 4290 Cleape
1405 4221 1518 4285 nuper
1535 4199 1672 4290 tumulo
1691 4225 1780 4292 quae
1795 4204 1962 4276 conditur
1978 4207 2057 4296 isto,

1115 4337 1117 4342 ,
1237 4299 1302 4374 Est
1317 4297 1551 4392 Evangelium
1569 4313 1687 4370 mente
1699 4305 1855 4392 professa
1871 4327 1946 4392 sua,

1187 4404 1261 4479 Nec
1274 4402 1400 4472 metuit
1419 4399 1567 4486 rabiem,
1594 4413 1628 4470 et
1639 4405 1838 4492 petulantia
1850 4409 1978 4493 probra
1989 4411 2175 4500 malorum,

1214 4573 1216 4578 ,
1240 4504 1313 4594 Qui
1329 4514 1500 4593 spernunt
1514 4501 1607 4591 leges
1620 4503 1752 4593 optime
1767 4501 1906 4576 Christe
1921 4521 2008 4593 tuas,

1190 4603 1342 4680 Addidit
1358 4618 1391 4674 et
1408 4615 1519 4674 castos
1535 4604 1673 4694 semper
1690 4606 1765 4676 siue
1779 4607 1927 4676 crimine
1941 4633 2067 4698 mores,
2144 4693 2147 4698 ¹

1240 4705 1343 4779 Esset
1355 4719 1396 4776 ut
1413 4704 1612 4796 exemplum
1628 4705 1698 4776 vita
1714 4709 1842 4798 pudica
1858 4709 1972 4779 bouis.
2150 4707 2156 4716 '

1190 4810 1308 4902 thue
1325 4808 1411 4878 olim
1427 4803 1558 4898 Cleope
1573 4807 1675 4877 solita
1693 4821 1744 4878 est
1759 4810 1890 4880 servire
1904 4812 2032 4900 sorori,

1144 4977 1153 4998 ,
1241 4907 1382 4990 Olliciis
1398 4909 1519 5000 inopes
1531 4908 1620 4978 sovit
1637 4905 1758 4999 etipsa
1776 4910 1854 5000 piis.

1191 5011 1287 5102 Ergo
1303 5011 1444 5082 virtutis
1456 5009 1574 5080 cultor
1590 5007 1739 5097 Voglere
1754 5007 1898 5099 Georgi,

1244 5113 1299 5184 Te
1315 5113 1378 5183 tali
1392 5113 1557 5180 orbatum
1574 5110 1721 5200 coniuge
1740 5109 1816 5180 iure
1833 5115 1941 5184 doles.

1194 5215 1296 5305 Quae
1313 5213 1444 5296 lorma,
1469 5210 1629 5300 ingenio,
1655 5233 1794 5280 morum
1811 5216 1982 5303 gravitate
1997 5219 2168 5312 placebat,

1244 5313 1434 5418 Plagrabat
1449 5313 1550 5384 cuius
1563 5323 1685 5402 peetus
1699 5337 1818 5386 amore
1832 5317 1897 5393 tui.

1569 5405 1657 5482 57·
