4884 5950
1120 1004 1174 1089 lt.

127 1195 508 1309 annosum,
570 1195 994 1286 eumanum
1036 1194 1415 1312 somonam,
1467 1197 1832 1306 susannem
1882 1181 2165 1290 unnvn's

891 1397 895 1401 «
944 1339 1347 1430 coNchns

465 1557 471 1572 .
510 1560 515 1570 ,
552 1505 604 1572 tw
624 1505 811 1573 BMUS
840 1505 1137 1572 sounstmntts
1158 1503 1431 1570 ACADEMIAR
1461 1493 1743 1588 numanam
1814 1527 1817 1534 ·

158 1685 189 1720 ,ι
308 1633 465 1719 ulmo
499 1637 617 1716 ¹ossan
644 1635 873 1714 amsans
902 1631 1225 1730 lampenae,
1271 1637 1311 1719 a
1341 1634 1703 1718 nassamones
1736 1608 1991 1715 scnsrr1s.'

1023 1877 1282 1912 -ιι-ῇηι-ιτ

118 2097 208 2186 'Nm
225 2094 260 2177 l.
847 2191 853 2198 ,
969 2109 1110 2192 (sono?)
1175 2128 1252 2184 eam
1273 2119 1429 2200 partem,
1455 2127 1544 2200 quae
1567 2119 1620 2176 est
1638 2101 1733 2178 haud
1752 2107 1861 2176 dubie
1877 2107 1982 2200 longe
2002 2109 2164 2179 omnium

129 2198 269 2227 Μ
470 2267 474 2276 .
959 2200 1121 2228 ““”““”
1174 2204 1414 2300 pulcherrima
1428 2233 1468 2280 ac
1484 2208 1704 2294 suavissima,
1718 2206 2071 2306 videlicetl'hysicen
2085 2211 2166 2280 lau·

199 2321 353 2392 thosass.
361 2323 395 2377 ss
403 2318 492 2393 Ebora
508 2321 587 2377 stitis
601 2321 689 2396 pst.
696 2341 758 2396 sqq.
1174 2309 1358 2394 dabimus,
1384 2333 1473 2403 quae
1490 2309 1690 2379 universam
1707 2335 1826 2380 rerum
1846 2325 2009 2382 naturam
2030 2325 2167 2383 scruta-

119 2417 122 2432 '
300 2488 307 2504 ,
616 2485 626 2502 ‚
824 2485 833 2506 .
1175 2423 1251 2495 tur,
1276 2413 1442 2505 syderum
1457 2425 1573 2483 motus
1585 2434 1626 2480 ac
1639 2409 1751 2492 vires,
1778 2412 1934 2502 plantas,
1958 2412 2167 2501 animantia,

119 2484 190 2556 ’ΒΦ
199 2479 378 2557 iamim
390 2477 586 2575 P¹⁸9⁸l⁰⁶⁸s
610 2503 651 2553 Μ
668 2491 904 2576 prmum
917 2485 1123 2583 M‘lssmffl‘
1173 2499 1336 2582 mirabile
1352 2511 1531 2606 opificium
1547 2507 1697 2580 humani
1714 2509 1890 2604 corporis,
1917 2537 2038 2584 causas
2059 2538 2166 2606 gene-

118 2615 121 2624 '
573 2605 674 2656 ''lm-
1172 2612 1351 2684 rationum
1371 2625 1404 2684 et
1421 2613 1703 2706 corruptionum.
1756 2610 1810 2684 Ac
1825 2615 2079 2706 sapientisssms
2095 2641 2165 2706 vrrs

127 2719 396 2828 compublica
417 2733 636 2812 consuetudo
661 2727 857 2804 nobishoc
879 2730 1122 2817 locodicendi
1173 2713 1284 2783 mulli*
1308 2713 1500 2805 ⁶⁰¹¹ldl²¹¹¹2
1540 2739 1649 2810 (1¹¹³re
1679 2709 1806 2785 harum
1837 2730 2017 2789 mmmm
2042 2720 2163 2786 ‘emm

125 2835 374 2918 necessitatem
402 2833 582 2926 imponat,
619 2849 701 2926 peto
730 2835 879 2920 anobis
904 2836 1121 2906 ornatiggimi
1172 2815 1328 2904 cognitio
1351 2815 1502 2886 maxime
1525 2809 1663 2884 bomini
1686 2819 1880 2909 expetenda
1901 2817 1957 2888 sit.
2009 2815 2079 2889 Sed
2097 2839 2165 2888 nos

125 2939 217 3020 viri,
252 2961 298 3006 ne
323 2959 380 3004 me
405 2933 541 3026 ingenii
570 2935 698 3006 fiducia
725 2931 789 3008 has
814 2931 906 3006 mibi
931 2937 1120 3029 sumpsisse
1172 2940 1245 2987 uno
1261 2915 1413 3006 Virgilio
1437 2918 1595 2988 contenti
1618 2917 1770 3002 erimus,
1797 2919 1860 3012 qui
1876 2914 2165 2990 bonorificentis-

124 3031 266 3134 partes,
292 3039 351 3107 sed
368 3037 560 3114 adductum
583 3036 700 3108 officio
716 3061 773 3108 eas
789 3039 980 3130 suscepisse
1000 3039 1120 3110 eristi·
1171 3017 1272 3138 §5¹⁰2
1296 3018 1485 3110 Ps³e⁶⁰¹¹l⁰
1520 3014 1613 3089 hanc
1646 3019 1845 3090 ⁶⁰⁰l¹l¹¹³¹¹¹
1880 3019 2040 3108 ⁰r¹¹²Vlls
2082 3043 2165 3090 ‘⁰¹¹¹

117 3135 243 3213 nactis.
291 3135 368 3228 Ego
385 3137 480 3207 enim
498 3137 641 3218 nullum
660 3140 771 3229 magis
792 3140 1026 3210 necessarium
1041 3141 1121 3212 oili·
1172 3133 1306 3216 ¹¹¹q¹¹¹²³

124 3245 223 3315 cium
238 3265 312 3318 esse
323 3239 465 3332 iudico,
491 3263 598 3332 quam
613 3239 750 3330 legibus
767 3255 802 3311 et
824 3240 996 3312 institutis
1016 3235 1119 3313 scho-
1272 3223 1381 3292 ΜΣ
1396 3229 1677 3311 qulP⁰l1¹³t¹⁶¹²¹¹²¹
1693 3250 2004 3314 ⁰⁰8⁰⁰¹⁰0¹0,⁰·¹¹⁸⁸⁸·

122 3347 182 3416 lae
208 3365 344 3436 parere,
392 3335 534 3412 Deinde
553 3340 620 3410 etsi
640 3336 732 3411 mihi
746 3340 969 3414 imbecillitas
983 3343 1120 3434 ingenii
1172 3337 1273 3430 Quae
1297 3340 1392 3410 enim
1415 3342 1531 3430 potuit
1549 3343 1626 3414 laus
1648 3343 1802 3434 amplior
1821 3340 2031 3436 excogitari,
2057 3368 2164 3442 quam

124 3447 199 3517 mei
222 3470 297 3516 non
320 3442 439 3534 ignota
461 3457 529 3528 est,
554 3454 674 3512 tamen
694 3467 775 3516 cum
794 3445 941 3526 scirem,
967 3461 1031 3514 vos·
1044 3469 1120 3514 ason
1173 3443 1269 3535 quod
1292 3435 1358 3510 hac
1378 3442 1540 3524 doctrina
1562 3443 1685 3512 beatos
1706 3443 1796 3512 ellici
1810 3439 1977 3520 homines
1994 3445 2165 3520 testatur?

119 3549 246 3621 ‘solum
268 3542 452 3616 excellenti
475 3543 656 3630 doctrina,
679 3533 869 3614 sedetiam
889 3571 1027 3616 summa
1048 3545 1123 3616 vir·
1173 3541 1244 3612 Sed
1261 3541 1372 3612 animi
1389 3542 1486 3632 vulgi
1507 3543 1555 3612 ita
1575 3544 1733 3634 oppressi
1753 3557 1838 3615 sunt
1853 3546 2068 3618 stultissimis
2086 3547 2165 3638 opi·

118 3661 204 3723 'tute
229 3661 335 3742 atque
358 3640 577 3716 humanitate
602 3645 798 3736 praeditos,
829 3647 939 3736 magis
965 3647 1121 3718 officium
1173 3643 1344 3722 saionibus
1367 3666 1407 3712 ac
1429 3643 1717 3734 flagitiosissimis
1739 3645 2013 3736 cupiditatibus,
2039 3660 2081 3719 ut
2101 3669 2164 3723 ve.-

122 3776 238 3850 quam
256 3745 515 3842 eloquentiam,
549 3770 639 3840 quae
660 3747 805 3818 existere
827 3746 866 3814 in
886 3747 1122 3834 adolescentia
1172 3768 1248 3814 ram
1270 3744 1528 3816 beatitudinem
1551 3769 1668 3838 neque
1691 3745 1892 3838 intelligant
1919 3773 2034 3843 neque
2058 3771 2164 3842 expe·

122 3877 203 3924 non
228 3863 361 3945 potest,
384 3849 581 3942 requirere:
607 3844 755 3938 Speravi
777 3871 841 3918 vos
864 3849 1036 3919 infantiae
1060 3873 1122 3918 ve-
1172 3859 1260 3920 tant.
1312 3845 1433 3936 Quare
1460 3845 1576 3917 iacent
1603 3847 1709 3918 etiam
1732 3842 1799 3917 hae
1821 3848 2054 3922 maximseac
2080 3851 2163 3941 pul-

114 3957 226 4028 'niam
248 3952 395 4024 daturos
419 3973 512 4036 csse,
539 3950 647 4043 idque
677 3961 717 4019 ut
744 3948 898 4030 faciatis,
930 3973 992 4022 vos
1014 3951 1119 4021 etiam
1172 3941 1367 4016 cherrimae
1390 3959 1481 4018 artes
1503 3961 1640 4040 spretae
1662 3963 1768 4042 atque
1797 3963 2029 4044 contemptae.
2080 3949 2162 4044 Qus

121 4071 234 4152 atque
252 4053 449 4126 etiamoro.
499 4046 588 4121 Nam
606 4073 669 4140 ego
691 4075 833 4144 quoque
855 4053 1121 4144 operamdabo,
1172 4049 1209 4117 in
1225 4073 1264 4118 re
1280 4047 1369 4118 illud
1386 4062 1438 4118 est
1454 4049 1640 4141 praecipue
1652 4049 1858 4132 dolendum,
1882 4053 1977 4145 quod
1992 4077 2068 4124 non
2082 4065 2162 4124 tan.

121 4175 165 4232 ut
180 4146 356 4230 brevitate
369 4151 546 4224 orationis
558 4151 713 4222 taedium
730 4152 833 4222 nobis
847 4153 993 4227 levetur.
1171 4162 1246 4220 tum
1262 4149 1418 4220 illiterati
1432 4144 1525 4220 hanc
1538 4150 1735 4222 doctrinam
1751 4169 2007 4244 aspernantur,
2030 4157 2091 4226 sed
2106 4157 2163 4226 vel

231 4255 280 4330 Et
299 4255 467 4350 quoniam
490 4248 656 4324 hocloco
671 4253 759 4324 solet
781 4253 981 4348 aliquidde
995 4251 1121 4326 Philo·
1171 4252 1323 4322 maxime
1348 4251 1501 4324 oderunt
1527 4277 1603 4322 eam
1631 4252 1674 4338 ii,
1708 4252 1771 4348 qui
1797 4253 1981 4328 doctrinae
2007 4257 2101 4328 fama
2121 4279 2162 4326 ac

119 4355 256 4456 sophia
280 4357 371 4443 dici,
403 4369 567 4430 nontam
588 4367 627 4425 ut
650 4354 826 4446 specimen
845 4356 1029 4426 doctrinae
1053 4381 1122 4427 no-
1165 4352 1285 4424 'titulis
1304 4377 1340 4422 se
1361 4355 1405 4422 ad
1427 4353 1600 4446 populum
1617 4354 1819 4436 venditant,
1846 4381 1927 4426 cum
1943 4355 2086 4450 quidem
2105 4379 2162 4444 eas

118 4481 221 4536 strae
239 4455 484 4543 exhibeamus,
509 4481 614 4550 quam
642 4469 681 4526 ut
702 4455 845 4549 publice
864 4457 1036 4529 iudicium
1054 4483 1122 4528 no-
1172 4453 1263 4548 ipsas
1283 4467 1395 4540 artes,
1421 4477 1507 4548 quas
1523 4455 1752 4546 profitentur,
1778 4455 1854 4526 sine
1872 4451 1938 4528 hac
1960 4471 2059 4550 parte
2075 4451 2162 4529 Phi·

118 4582 244 4644 strum
279 4563 324 4632 de
356 4559 486 4632 artium
514 4557 702 4648 dignitate,
745 4581 833 4652 quas
865 4557 1000 4631 indocti
1034 4584 1121 4630 con·
1172 4550 1353 4648 losopbiae
1368 4553 1457 4626 tueri
1474 4555 1697 4634 nullomodo
1712 4556 1860 4650 possint.
1901 4556 1971 4629 Sed
1989 4582 2062 4628 non
2075 4557 2163 4632 libet

118 4667 313 4749 temnunt,
334 4661 567 4744 declaremus,
592 4683 632 4728 ac
649 4671 835 4740 testemur,
862 4684 928 4730 nos
947 4686 1027 4732 rum
1051 4657 1119 4732 lsoc
1171 4659 1215 4726 de
1241 4655 1410 4756 monstris
1431 4654 1502 4726 illis
1527 4681 1567 4728 ac
1594 4657 1752 4752 pestibus
1780 4682 1899 4732 rerum
1923 4653 2163 4732 humanarum

116 4768 243 4863 gradu
260 4757 407 4858 honoris
424 4785 543 4834 earum
569 4759 859 4854 patrociniumac
878 4762 1119 4850 defensionem
1171 4759 1272 4851 plura
1291 4759 1418 4830 dicere.
1470 4756 1628 4831 Tantum
1644 4781 1703 4830 eos
1719 4753 1949 4845 adhortabar,
1966 4763 2027 4856 qui
2040 4763 2162 4833 sanio-

116 4871 263 4968 optima
278 4867 462 4938 voluntate
475 4863 665 4954 suscipere:
692 4860 837 4932 Institui
852 4877 885 4932 et
900 4863 985 4956 ipse,
1005 4887 1120 4960 quan·
1169 4859 1271 4937 ribus
1303 4859 1455 4950 ingeniis
1485 4859 1655 4951 praediti,
1693 4884 1774 4930 vera
1804 4884 1844 4929 ac
1867 4861 2044 4936 durabilia
2066 4864 2161 4940 bons

114 4987 204 5046 turn
220 4967 308 5044 ha'ec
324 4965 491 5059 temporis
514 4964 674 5058 angustia
690 4959 792 5050 sinit,
818 4964 953 5059 aliquid
970 4966 1016 5034 de
1031 4961 1119 5036 Phi·
1171 4961 1376 5055 inquirunt,
1409 4975 1443 5033 et
1468 4975 1645 5052 expetunt.
1706 4957 1754 5030 lis
1780 4954 1873 5032 banc
1898 4963 2006 5034 adea
2035 4967 2163 5040 durem

113 5067 314 5164 losophiae
328 5065 494 5140 laudibus
507 5067 634 5140 dicere.
1170 5077 1368 5142 monstrare
1384 5075 1418 5133 et
1433 5063 1682 5132 commendare
1696 5060 1815 5153 cupio.

232 5171 345 5244 Porro
358 5192 473 5266 neque
489 5177 597 5238 totam
613 5165 797 5286 complecti
813 5191 910 5238 nunc
921 5191 1118 5259 possumus,
1271 5161 1433 5234 Primum
1454 5161 1550 5234 enirn
1574 5186 1653 5232 cum
1672 5155 1758 5232 haec
1773 5162 1931 5256 cognitio
1945 5165 2097 5238 maxime
2114 5164 2163 5240 sit

115 5300 246 5378 neque
268 5277 313 5346 de
333 5274 408 5348 ulla
434 5281 534 5365 parte
563 5269 646 5341 satis
672 5271 802 5341 dicere.
853 5266 939 5340 ldeo
961 5269 1118 5344 breviter
1168 5264 1363 5340 seeundum
1396 5276 1584 5350 naturam,
1618 5257 1712 5334 nihil
1739 5287 1780 5336 ea
1815 5289 1931 5364 neque
1964 5261 2153 5340 honestius
