4866 5990
102 172 185 248 sos
314 145 319 152 ’
475 165 1448 287 scatrraanvrrnrsurourrun
1481 181 1779 272 uuuanrn.
2069 205 2145 276 sos

103 342 253 436 ingenio
268 345 430 422 indulsit.
459 357 462 366 '
479 347 550 421 Sed
566 354 867 445 quemadmodum
883 354 958 447 ipse
974 351 1014 424 in
1030 365 1104 426 tota
1154 354 1215 428 bet
1229 365 1416 426 sectatores
1431 378 1507 427 non
1529 381 1677 448 paucos,
1703 389 1769 437 nec
1790 368 1983 458 ignobiles,
2007 399 2047 446 ae
2066 401 2147 465 per-

102 447 198 530 vita,
223 460 258 518 et
271 451 439 524 omnibus
452 453 653 526 actionibus
671 471 813 550 apertus
827 457 913 544 luit,
932 457 1104 542 sincerus,
1154 479 1357 526 mansuram
1382 459 1486 528 etiam
1514 463 1559 530 ad
1579 463 1685 535 finem
1707 465 1840 540 Mundi
1865 487 1990 546 contra
2009 475 2148 548 lnlero-

103 564 140 622 ct
156 551 341 634 candidus,
366 553 415 624 ita
432 554 472 626 in
487 556 708 660 profespiooe
721 560 915 646 doctrinae,
938 559 1103 652 proprie-
1154 579 1234 630 rum
1251 571 1369 650 portas
1385 582 1578 652 speramns.
1626 565 1738 640 Cuius
1759 575 1825 644 etsi
1841 576 2033 648 adversarii
2050 581 2148 652 refu.

105 665 178 725 tate
201 655 394 738 sermonis,
422 670 456 730 et
477 660 650 732 orationis
668 685 807 754 semper
823 677 876 734 est
897 657 1103 746 delectatus,
1154 661 1324 733 tationem
1357 676 1434 733 tum
1468 665 1717 757 instituerant,
1749 697 1826 746 eam
1862 691 2001 765 tamen,
2032 705 2147 776 neque

106 769 142 828 et
158 757 371 847 genuinam,
396 783 437 828 ac
461 762 617 862 natiyam
641 766 873 846 sententiam,
895 789 1002 859 quam
1028 787 1102 834 scr·
1153 763 1295 857 publice
1318 763 1357 832 in
1378 765 1493 834 lucem
1509 769 1613 838 edere
1628 795 1788 866 unquam
1810 780 1887 850 ausi
1904 795 2006 868 sunt,
2031 807 2147 878 neque
2170 801 2173 814 ·

106 859 223 928 monis
237 861 456 953 proprietas,
481 877 516 934 et
531 863 614 937 fidei
629 864 804 958 Analogia
819 867 985 952 afferunt,
1010 867 1100 936 facta
1153 865 1304 938 statibus
1327 867 1494 960 Imperii,
1526 871 1589 964 qui
1611 869 1877 950 Confessinnem
1902 877 2150 970 exhibuerant,

109 961 314 1050 collatione,
342 965 505 1052 eruebat,
527 980 572 1038 et
597 968 634 1038 id
659 971 758 1063 quod
778 971 972 1055 sentiebat,
1004 993 1101 1050 voce,
1153 970 1199 1042 ab
1225 969 1303 1060 ipso
1337 969 1550 1060 imperatore
1575 978 1775 1065 petentibus
1808 983 1949 1075 copiam
1976 987 2051 1058 eius
2077 990 2148 1060 sibi

114 1077 145 1136 et
167 1065 325 1158 seriptis,
354 1091 435 1138 cum
463 1068 544 1140 aliis
566 1069 750 1162 plurimis,
776 1087 852 1146 tum
874 1071 1041 1166 inprimis
1062 1070 1102 1142 in
1153 1071 1249 1156 fieri,
1285 1071 1545 1164 inspiciendam
1586 1075 1671 1150 dare
1711 1083 1913 1161 voluerunt.
1967 1087 2149 1162 Videbant

116 1167 259 1240 locisest
273 1170 463 1261 professus.
576 1241 581 1264 ,
818 1231 824 1244 .
1154 1173 1249 1243 enirn
1266 1196 1329 1244 sua
1344 1174 1473 1263 frigida
1490 1200 1581 1259 esse,
1606 1195 1640 1250 et
1654 1181 1803 1271 frivola,
1824 1211 1890 1258 nec
1906 1211 2007 1280 posse
2023 1191 2147 1264 claris-

824 1285 853 1348 ,’
1154 1275 1262 1346 simae
1278 1274 1361 1360 luci,
1387 1299 1477 1370 quae
1496 1279 1534 1346 in
1552 1277 1783 1358 Confessione
1799 1289 2021 1381 splendebat,
2048 1309 2148 1366 tene.

209 1371 372 1470 Cumque
402 1375 443 1444 in
471 1369 541 1446 hoc
569 1390 691 1450 nostra
715 1390 876 1450 versetur
904 1377 1039 1467 oratio,
1067 1390 1103 1450 ct
1153 1379 1237 1452 bras
1251 1377 1393 1450 offundi
1405 1392 1468 1452 aut
1479 1380 1619 1475 aliquid
1634 1388 1721 1460 certi
1737 1401 1771 1460 et
1790 1389 1885 1462 firmi
1899 1395 2045 1487 opponi.

123 1500 255 1570 maguus
270 1479 318 1550 sit
333 1472 464 1548 borum
480 1479 639 1552 locorum
655 1503 752 1566 usus,
765 1496 870 1576 atque
884 1483 925 1554 in
939 1480 1103 1553 omnium

120 1582 182 1652 fere
203 1581 369 1655 manibus
392 1593 595 1668 versentur,
626 1607 702 1654 nou
725 1607 868 1676 possum
897 1584 1101 1677 praeterire,
1258 1580 1408 1674 Scripsit
1422 1597 1544 1676 postea
1558 1585 1597 1654 in
1611 1586 1738 1661 iisdern
1747 1588 2169 1690 ComiciisApologiam„

120 1685 197 1778 quin
219 1683 395 1756 indicium
414 1681 564 1758 Domini
580 1681 745 1758 Doctoris
769 1685 922 1758 Martini
941 1677 1105 1755 Lntlseri
1147 1685 1286 1780 inqua
1311 1681 1633 1758 etConfessionern
1661 1693 1821 1764 defendit
1851 1697 2015 1788 pluribus
2043 1725 2150 1792 argu-
2244 1695 2249 1708 “

118 1789 158 1860 de
172 1788 239 1857 illis
254 1786 417 1870 recitem.
468 1785 583 1879 Spero
607 1789 702 1858 enirn
726 1812 807 1867 non¹
822 1791 899 1860 fore
915 1785 1102 1862 Auditori·
1153 1788 1305 1874 mentis,
1331 1800 1368 1859 et
1382 1785 1681 1866 Adversariorum
1697 1792 1988 1872 Confutationem
2006 1805 2150 1895 publice

120 1891 184 1960 bus
206 1890 392 1980 ingratum.
454 1883 557 1960 Adeo
585 1906 703 1964 autem
730 1885 927 1962 honorifice
952 1893 997 1962 de
1030 1889 1103 1960 illis
1154 1891 1272 1964 obiter
1285 1891 1412 1964 lectam
1433 1892 1577 1970 refutat.
1733 1885 1736 1892 ’

127 1992 242 2078 sensit,
263 2004 302 2064 ut
323 1991 475 2076 dixerit,
500 1989 583 2062 Non
607 2005 725 2063 extare
747 1994 863 2064 ullum
882 1995 980 2064 alind
999 2015 1102 2085 prae-

123 2095 258 2168 stantius
271 2092 571 2188 postApostolica
593 2095 725 2187 scripta
738 2087 853 2168 Locis
868 2094 912 2171 D.
932 2091 1103 2188 Philippi,
1256 2091 1315 2168 Ad
1330 2093 1374 2170 D.
1391 2091 1601 2190 Philippum
1617 2063 2019 2196 tanquarnDelphicum
2032 2103 2150 2200 Apol·
2270 2157 2333 2172 „
2422 2149 2423 2158 κ

119 2195 264 2292 Ideoque
283 2197 323 2266 in
344 2193 503 2268 Ecclesia
526 2213 559 2268 et
574 2193 715 2272 Scholis
737 2200 980 2272 retinendum:
1008 2196 1103 2288 Quia
1154 2197 1240 2268 linis
1253 2200 1438 2270 oraculum
1460 2199 1500 2268 in
1514 2201 1629 2270 causis
1644 2202 1864 2276 difficillimis
1878 2231 2002 2278 omnes
2020 2233 2151 2304 prope-

118 2299 155 2370 iu
180 2325 220 2372 eo
244 2301 389 2386 doceat,
423 2313 575 2390 pugnet,
607 2313 641 2370 et
673 2295 890 2394 triumphet,
919 2325 959 2372 ac
988 2314 1102 2374 totum
1155 2302 1303 2370 modum
1317 2298 1512 2386 Ecclesiae,
1541 2300 1617 2374 lrno
1641 2317 1675 2374 et
1692 2302 1878 2398 Principes
1896 2309 2044 2400 plurimi
2063 2337 2152 2384 con·
2254 2324 2256 2330 '

120 2427 235 2494 corpus
257 2403 421 2474 coelestis
445 2402 632 2474 doctrinae
654 2405 920 2494 complectatur.
970 2401 1044 2474 Nec
1064 2403 1103 2472 in
1154 2404 1341 2493 fugerunt,
1374 2403 1586 2474 sententiam
1609 2404 1740 2496 ipsius,
1771 2423 1806 2480 et
1829 2411 2004 2484 iudicium
2026 2417 2152 2486 audire

117 2506 273 2576 omuibus
293 2505 457 2576 omnium
478 2517 620 2596 patrum
636 2505 776 2597 scriptis
800 2519 939 2578 tanturn
954 2505 1104 2600 reperiri
1156 2507 1357 2598 cupientes,
1384 2506 1515 2600 quibus
1529 2505 1714 2578 laboribus
1727 2504 1815 2592 haec
1829 2535 1886 2582 res
1903 2515 1937 2584 ei
1953 2517 2153 2592 constiterit
2251 2555 2253 2560 ·
2328 2567 2332 2574 -

118 2602 616 2702 emditionisffheologicae,
636 2621 811 2702 quantum
833 2609 872 2680 iu
898 2609 986 2680 locis
1008 2603 1104 2678 hisce
1155 2609 1258 2692 facile
1279 2609 1397 2702 quivis
1418 2607 1598 2698 intelligit.
1649 2607 1694 2679 ln
1713 2604 1811 2684 hunc
1832 2617 2000 2700 modum,
2026 2615 2153 2692 hisla-

119 2711 344 2784 contineatur.
403 2705 452 2780 Et
478 2709 510 2778 si
540 2709 662 2780 omnia
689 2710 838 2782 illorum
867 2711 995 2802 scripta
1018 2733 1105 2782 con·
1156 2711 1325 2791 boribus,
1350 2724 1386 2780 et
1407 2711 1536 2780 studiis
1559 2725 1730 2802 perpetuu
1755 2730 1967 2808 occupatus,
1991 2722 2055 2792 ubi
2074 2721 2154 2792 Tu.

115 2813 294 2896 flareutur,
329 2836 407 2884 non
435 2825 555 2884 tamen
587 2813 673 2888 iude
704 2814 802 2886 locos
830 2807 992 2906 Philippi
1019 2836 1105 2906 pro·
1156 2811 1264 2903 biuga
1283 2812 1453 2887 discessit.
1502 2809 1738 2903 Reipublicae
1758 2817 1955 2906 literariae,
1981 2835 2015 2892 et
2028 2817 2154 2894 Eccle-

117 2917 288 2994 diturus..
965 2991 971 3000 ,
1006 2967 1027 2978 ..
1157 2915 1228 2986 siae
1249 2939 1330 2984 cum
1352 2915 1532 3000 docendo,
1565 2926 1642 2986 tum
1664 2915 1872 3007 scribendo,
1904 2919 2007 2994 xth
2039 2947 2154 2998 annos

134 3073 143 3090 .
1158 3017 1315 3092 servivit.
1668 3041 1670 3047 ’
1785 3043 1789 3052 ·
2040 3017 2041 3022 ’

211 3115 408 3192 Adhibitus
423 3132 476 3190 est
493 3132 611 3210 postea
626 3119 943 3192 diiudicatinnibus
958 3119 1107 3208 dogma·

116 3237 214 3304 turn,
245 3235 280 3292 et
301 3223 641 3303 controversionrm,
667 3245 708 3294 ac
730 3221 947 3311 gravissimis
971 3221 1106 3292 delibe-
1258 3217 1377 3292 Deum
1407 3220 1663 3308 immortalem,
1692 3237 1825 3320 quauta
1855 3226 2048 3314 foelicitas,
2080 3232 2154 3306 frui

116 3323 334 3416 rationibus,
353 3325 420 3396 ubi
442 3326 487 3394 de
510 3337 584 3397 tota
607 3325 781 3415 religione
803 3337 854 3395 est
875 3324 1105 3417 disputatum.
1159 3336 1258 3396 tanto
1282 3335 1537 3414 temporetam
1558 3323 1896 3400 salutariDoctorc!
1950 3327 2030 3422 ligo
2052 3352 2156 3420 certe,

115 3424 279 3498 luterfuit
305 3429 485 3521 plerisque
514 3423 683 3498 Comiciis
711 3427 977 3519 imperialibus,
1008 3422 1106 3496 Con·
1159 3425 1223 3497 etsi
1240 3425 1351 3517 probe
1366 3421 1455 3504 mihi
1471 3450 1570 3498 meae
1587 3427 1771 3502 tenuitatis
1795 3431 1862 3510 sim
1882 3436 2063 3522 conscius,
2089 3451 2156 3510 trec

115 3529 276 3600 ventibus
298 3531 525 3623 principum,
557 3542 592 3600 et
612 3525 898 3620 Theologorum,
929 3553 970 3600 ac
994 3527 1107 3607 collo,-
1158 3540 1298 3600 tanturn
1315 3527 1526 3618 profecerim
1545 3523 1614 3598 hoc
1627 3546 1875 3622 praeceptore,
1901 3549 2075 3628 quantum
2090 3542 2155 3610 de-

117 3631 206 3726 quiis
231 3632 402 3704 omuibus
428 3631 606 3722 publicis,
636 3655 726 3726 quae
753 3645 828 3702 toto
854 3645 1014 3723 ternpore
1039 3625 1106 3700 hoc
1158 3631 1322 3700 buerarn:
1350 3626 1490 3698 Tamen
1505 3623 1597 3699 hanc
1612 3653 1788 3702 summam
1804 3629 2042 3720 foelicitatem,
2063 3665 2156 3734 quae

121 3747 200 3806 suot
216 3733 390 3810 instituta.
421 3731 496 3804 Nec
509 3735 578 3806 fuit
591 3733 666 3804 illic
680 3734 819 3805 ociosus
834 3725 1027 3826 spectator,
1044 3743 1106 3802 aut
1158 3727 1250 3804 mihi
1276 3731 1316 3800 in
1343 3729 1448 3801 terris
1476 3733 1683 3822 contingere
1708 3735 1842 3825 potuit,
1877 3737 2017 3825 iudico,
2056 3747 2154 3836 quud

120 3829 242 3934 suipra
253 3829 474 3934 aspoirconost,
493 3837 554 3907 scd
572 3835 778 3928 praecipuas
790 3857 929 3927 semper
941 3831 1011 3924 egit
1026 3856 1108 3926 par·
1159 3829 1251 3904 rnihi
1274 3845 1351 3904 toto
1366 3832 1634 3928 quinquennio,
1660 3836 1751 3906 duos
1771 3836 1859 3907 istos
1881 3831 2027 3926 heroes,
2053 3842 2156 3916 Mar-

124 3951 187 4025 tes,
205 3940 326 4010 omnia
344 3937 474 4030 scripta
488 3937 707 4030 composuit,
733 3959 813 4008 curn
830 3937 1042 4008 adversariis
1057 3947 1109 4006 est
1159 3937 1277 4006 tinum
1298 3929 1498 4023 liutherum
1519 3935 1619 4020 dico,
1654 3949 1689 4008 et
1713 3933 1921 4032 Philippum
1947 3939 2156 4018 Melantho-

121 4065 338 4133 congressns,
360 4049 395 4112 et
408 4041 448 4110 in
464 4040 539 4110 acie
554 4042 669 4121 stetit,
693 4063 734 4110 ac
747 4039 982 4110 constantiam
1005 4061 1108 4130 prac-
1160 4061 1242 4108 nem
1265 4047 1511 4130 praeceptores
1536 4061 1633 4108 meos
1656 4053 1826 4132 perpetua
1848 4043 2074 4119 observantie
2094 4074 2156 4120 co·

125 4145 203 4214 stitit
217 4145 294 4216 viro
311 4145 409 4214 bono
426 4142 583 4233 dignam.
636 4139 712 4214 Nec
727 4165 887 4236 unquam
904 4140 1018 4214 victus
1032 4138 1108 4210 dis-
1160 4141 1304 4221 landos,
1329 4139 1500 4210 audiendi
1517 4138 1618 4232 copia
1633 4140 1680 4214 sit
1692 4141 1795 4220 farta,

125 4247 232 4332 cessit,
256 4247 319 4317 sed
335 4245 488 4316 maxima
511 4244 648 4335 ingenii
664 4245 859 4325 celeritate,
885 4243 1109 4327 statumine,
2023 4276 2038 4294 -·

127 4343 345 4440 Sophisticen
368 4347 562 4428 intellexit,
589 4360 623 4418 et
643 4341 897 4438 deprehendit,
921 4357 1028 4438 atque
1051 4344 1108 4412 in·
1262 4335 1310 4412 Et
1322 4343 1418 4435 quod
1434 4338 1601 4414 irenaeus
1621 4345 1666 4416 de
1682 4341 1880 4442 Polycarpo
1897 4345 2154 4444 Smyrneorum

126 4452 279 4539 tricatas,
305 4464 342 4524 et
359 4449 538 4522 involutas
559 4448 805 4542 quaestiones,
830 4473 871 4520 ac
894 4449 1009 4518 nodos
1027 4470 1110 4536 gor·
1161 4439 1359 4537 Episcopo,
1386 4443 1449 4538 qui
1466 4445 1581 4516 fuerat
1599 4447 1742 4518 auditor
1760 4445 1904 4520 loannis
1919 4447 2096 4542 Apostoli,
2122 4466 2157 4524 et

128 4553 212 4640 dios,
246 4553 369 4646 gladio
399 4551 502 4622 verbi
534 4548 603 4622 Dei
641 4551 828 4637 dissecuit,
868 4562 903 4622 et
934 4547 1108 4622 dissolvit.
1161 4541 1410 4636 Evangelistae
1443 4549 1586 4634 scribit,
1622 4547 1741 4622 Multa
1774 4573 1877 4642 saepe
1902 4548 2067 4624 Doctoris
2100 4553 2155 4624 sui
2241 4579 2247 4590 ¹

128 4651 263 4750 Scripsit
285 4669 320 4730 et
343 4669 506 4748 ternpore,
531 4652 849 4745 periculosissimo,
882 4675 963 4722 cum
990 4650 1111 4722 omnia
1162 4649 1256 4720 dicta
1270 4671 1416 4718 narrare
1429 4650 1594 4737 solitum,
1618 4652 1751 4746 quibus
1767 4653 1956 4738 addiderit,
1977 4651 2025 4726 Se
2039 4651 2157 4728 adhuc

128 4755 304 4832 interitura
339 4757 576 4842 videbantur,
613 4757 652 4826 in
684 4752 850 4826 Comitiis
881 4748 1111 4844 Augustianis,
1162 4771 1266 4821 voces
1288 4749 1433 4846 ipsius,
1452 4753 1555 4845 quasi
1576 4753 1616 4822 iu
1639 4755 1786 4826 auribus
1809 4757 1882 4826 suis
1904 4770 2071 4830 sonantes
2093 4783 2158 4828 au-

126 4855 215 4932 Fidei
239 4859 519 4944 confessionem,
544 4856 804 4930 communicato
827 4868 904 4928 tum
930 4879 1011 4927 cum
1031 4855 1111 4924 aliis
1163 4855 1253 4926 dire.
1307 4849 1349 4923 ld
1370 4852 1414 4922 de
1437 4879 1493 4924 me
1509 4855 1692 4926 verissime
1708 4879 1856 4949 possum
1873 4855 2068 4946 affirmare,
2095 4859 2158 4934 Me

126 4965 286 5050 consilio,
312 4987 403 5058 quae
422 4961 556 5032 ibidem
574 4955 730 5030 exhibita
748 4973 801 5029 est
814 4955 1025 5050 Imperatori
1041 4954 1111 5028 Ca·
1163 4950 1281 5026 adbuc
1297 4978 1374 5028 non
1386 4957 1494 5026 modo
1508 4979 1611 5028 voces
1632 4953 1761 5030 horum
1782 4958 1939 5028 virorum
1956 4958 2158 5036 inauribus

126 5067 195 5138 rolo
210 5067 351 5163 quinto.
392 5061 434 5134 ln
451 5087 521 5158 qua
536 5063 642 5134 etiarn
659 5061 866 5154 praecipuos
880 5059 962 5128 fidei
980 5059 1112 5130 articu—
1163 5058 1357 5128 tinnientes
1381 5057 1525 5140 audire,
1551 5059 1613 5130 sed
1636 5061 1724 5129 adeo
1740 5059 1910 5130 tenaciter
1931 5065 2043 5134 menti
2060 5081 2159 5137 rosae

124 5167 173 5240 los
188 5185 238 5242 cst
253 5167 470 5261 complexus,
494 5167 555 5238 sed
570 5163 744 5250 breviter,
767 5163 862 5235 utin
880 5159 1112 5234 Confessione
1164 5159 1375 5252 insculptas,
1401 5173 1436 5230 et
1458 5162 1647 5256 impressas
1664 5183 1758 5246 esse,
1782 5162 1884 5256 quasi
1904 5163 2063 5256 ipsorum
2082 5165 2160 5236 effi-

124 5271 195 5344 lieri
210 5273 312 5346 solet.
364 5267 462 5341 Haec
474 5266 658 5342 Confessio
677 5267 747 5338 late
765 5289 883 5359 sparsa
901 5278 970 5348 est,
998 5277 1032 5334 et
1047 5257 1112 5336 ha-
1164 5261 1259 5354 qies,
1284 5285 1325 5334 ac
1348 5261 1460 5334 oculis
1481 5257 1579 5332 bisce
1601 5277 1802 5356 praesentes
1822 5289 1942 5338 coram
1958 5267 2159 5340 assistentes

170 5477 472 5549 bituminosas.
500 5475 581 5540 Vos.
598 5473 644 5543 X.
783 5565 789 5572 ἱ
1460 5465 1511 5542 20
