4884 5950
267 167 341 244 ou
750 146 1070 244 aesopum
1098 147 1180 226 ar
1211 123 1456 246 saevas·
1479 140 1830 233 cormones
2049 164 2060 180 ·-
2148 177 2153 186 -
2222 139 2314 224 ue

272 340 354 434 quin
372 331 463 408 hauc
478 327 719 402 necessitate-m
738 325 834 416 leg'es
850 317 990 396 scholae
1011 336 1153 396 nostrae
1169 319 1261 394 mibi
1289 413 1290 422 ἵ
1310 329 1439 422 posset·
1493 319 1617 424 ltaqrre
1640 327 1794 398 demittit
1814 322 1953 398 eumin
1976 336 2177 396 excavatam
2195 339 2315 415 qner-

272 444 483 534 imponnnt,
516 432 626 501 malni
654 429 842 500 desiderari
868 427 905 494 in
929 453 984 497 me
1012 429 1263 513 eruditionem,
1312 448 1412 518 turin,
1449 445 1484 502 et
1509 424 1607 502 iubet
1633 446 1714 502 eum
1742 430 1798 499 ibi·
1820 424 2114 520 esurire,-atqne
2138 449 2159 494 a
2185 421 2319 493 Musis

272 549 380 640 quain
422 536 578 610 studium
618 531 882 621 obtemperandi
928 531 1077 622 publicis
1116 531 1263 620 legibus.
1312 535 1444 604 iictnm
1468 531 1601 625 petere,
1626 555 1765 622 gregem
1783 531 1972 602 committit
1991 519 2070 598 aliis
2086 520 2218 610 servis,
2243 523 2318 618 qni

274 647 397 736 Quare
417 653 499 732 peto
515 634 668 717 anobis,
689 645 729 702 ut
751 655 814 724 pro
830 641 943 702 vestra
969 629 1188 704 hermanit'ate
1203 635 1264 700 ve·
1312 636 1458 706 domino
1474 637 1733 728 applauserunt,
1759 633 1931 703 saevienti
1944 633 1982 700 iu
1996 623 2100 700 illum
2116 627 2318 700 Musarum

274 748 373 820 aiam
390 737 480 814 mihi
497 735 606 816 detis,
631 733 661 803 si
679 745 815 803 vestrae
829 734 1060 824 expectationi
1076 757 1149 804 non
1163 733 1266 804 satis-
1313 737 1498 808 cnltorem.
1550 731 1770 829 hliqnaudin
1803 729 2002 826 triumphat
2034 727 2153 800 Herus
2183 730 2318 800 ocioso

274 849 398 921 fecerit
415 851 496 912 mea
519 836 652 918 oratio,
677 845 711 906 e‘t
735 835 828 904 daho
846 859 1010 928 operam,
1036 849 1077 906 ut
1093 835 1266 908 brevitate
1314 839 1453 925 animo,
1478 859 1558 908 cum
1573 853 1727 930 poenae,
1751 849 1792 906 ut
1806 836 1882 904 lieri
1898 835 2011 920 solet,
2036 833 2290 903 differrentur.

277 945 466 1026 erationis,
490 939 646 1012 111θᾶ111111
662 938 778 1006 levam
793 935 921 1006 11111111·
1417 940 1542 1012 Postea
1566 951 1686 1010 exacto
1708 959 1822 1022 anno,
1846 959 1985 1028 gregem
2006 933 2205 1030 pestilentia
2221 931 2320 1002 nni-

281 1100 285 1109 .
379 1047 474 1138 Quia
490 1066 573 1112 vero
590 1064 631 1110 ex
648 1033 716 1108 hoc
733 1039 811 1106 loco
826 1061 928 1128 saepe
942 1033 1042 1108 antea
1059 1033 1268 1109 honestissi-
1316 1066 1455 1112 versum
1474 1041 1639 1134 perdidit.
1694 1037 1983 1108 Haeccalamitas
2005 1039 2172 1106 admonet
2188 1029 2319 1104 homi-

276 1156 345 1227 mis
360 1148 526 1220 laudibus
542 1155 666 1210 ornata
681 1155 731 1211 est
747 1133 990 1229 Philosophia,
1015 1141 1156 1226 avitis,
1178 1165 1269 1234 quo·
1317 1169 1398 1214 nem
1421 1143 1562 1234 sceleris
1586 1139 1654 1213 sni.
1709 1139 1828 1234 ltaque
1851 1154 2008 1209 moestus
2030 1137 2125 1207 redit
2139 1139 2183 1208 ad
2207 1137 2316 1204 illam

277 1247 528 1332 romeruditio
545 1257 580 1314 et
595 1241 764 1312 autoritas
780 1243 875 1330 apud
889 1263 950 1310 vos
966 1263 1102 1310 summa
1119 1241 1268 1311 esse'de·
1318 1267 1504 1340 quercum,
1537 1245 1580 1313 ad
1613 1243 1804 1336 placandos
1833 1240 1928 1311 servi
1958 1263 2096 1325 nranes3
2140 1239 2315 1307 sedtum

277 1363 356 1440 hat,
380 1357 497 1444 neque
512 1369 577 1434 ego
590 1345 628 1414 in
647 1352 855 1432 argumento
872 1342 975 1412 toties
991 1344 1121 1432 agitato
1138 1367 1268 1414 novam
1317 1347 1428 1442 aperit
1450 1347 1633 1430 arborem,
1663 1356 1705 1414 ut
1733 1343 1883 1413 cadaver
1905 1343 1991 1412 iude
2014 1352 2216 1431 exemptum
2241 1338 2318 1407 rite

278 1457 477 1532 orationem
503 1447 666 1518 invenire
687 1445 818 1534 potnit:
853 1445 977 1537 ltaque
996 1467 1111 1522 unum
1130 1457 1269 1515 tantum
1301 1449 1483 1540 sepeliat,
1508 1469 1587 1516 ecce
1606 1437 1745 1538 praeter
1765 1455 1862 1536 spem
1878 1455 1985 1538 atqua
2004 1441 2230 1534 opinionem,
2252 1439 2328 1508 ri·-

279 1563 398 1632 locum
422 1555 459 1622 in
484 1545 677 1643 praesentia
704 1541 795 1614 mibi
820 1546 950 1634 delegi,
983 1570 1086 1638 quem
1115 1544 1271 1616 iudicavi
1319 1554 1379 1621 det
1399 1573 1539 1620 servum
1554 1548 1673 1616 vivere
1693 1547 1927 1636 superstitem.
1964 1543 2087 1614 ·lluuc
2104 1543 2319 1631 interrogat,

280 1662 356 1732 istis
390 1654 550 1726 moribus
588 1663 625 1718 el
665 1646 885 1737 temporibus
920 1645 1023 1714 valde
1064 1647 1272 1730 convenire,
1318 1651 1556 1723 undevirerit
1579 1647 1748 1720 interimi
1777 1643 1910 1718 Servus
1931 1646 2160 1717 monstratio
2178 1645 2326 1714 arbore·

280 1761 423 1858 qumdo
457 1773 585 1827 omnes
620 1747 861 1819 adolescentes·
892 1748 1054 1838 religiose
1092 1749 1273 1818 abstinent
1319 1755 1419 1823 nvo·
1434 1777 1474 1822 ac
1488 1751 1607 1836 mella,
1624 1763 1660 1821 et
1673 1762 1804 1834 narrat,
1819 1745 1941 1820 Mauo
1955 1747 2141 1820 reddentes
2154 1743 2328 1839 praemia.

282 1851 569 1950 a‘Philosophiae
584 1851 729 1933 studiis,
753 1851 835 1942 qnia
849 1862 980 1938 negant
995 1850 1056 1918 illa
1073 1874 1145 1920 esse
1162 1873 1273 1944 qnae·
1320 1850 1641 1948 pietatirhpesao
1660 1852 1796 1920 misisse
1815 1849 1860 1920 ad
1878 1847 1992 1942 ipsum
2007 1848 2189 1922 alendum.
2235 1868 2240 1912 :
2322 1910 2329 1918 .

282 1981 420 2046 stuosa,
442 1974 476 2029 et
498 1969 540 2026 ut
561 1953 669 2042 vulgo
688 1951 830 2034 dicunt,
855 1973 929 2018 non
952 1973 1027 2020 esse
1048 1951 1092 2019 de
1110 1974 1202 2043 pane
1215 1951 1274 2020 ln·
1424 1955 1522 2029 Haeo
1531 1969 1584 2024 est
1599 1953 1731 2034 fabula,
1753 1966 1951 2046 quaeestst
1964 1949 2059 2043 apud
2076 1945 2321 2020 Theocritum

282 2067 429 2153 orando.
479 2051 1212 2146 Ες11111110Ρ1οΡ1111111ὗ1111ἱ111111111ρο1ἰ1
1234 2052 1273 2120 in
1322 2055 1538 2131 suavissimis
1551 2055 1712 2126 versibus
1724 2051 1877 2145 scripta·
1902 2051 1965 2124 An
1976 2075 2062 2122 vero
2078 2049 2322 2121 nllidnbinnr

283 2167 353 2242 buc
376 2167 456 2234 loco
487 2181 562 2232 uon
594 2175 956 2243 111110111111101111111,
991 2175 1079 2247 quas
1104 2154 1275 2226 utilitates
1323 2182 1398 2230 esse
1427 2172 1561 2250 potest,
1594 2157 1682 2252 qnid
1713 2155 1962 2247 significaverit
1988 2152 2098 2227 Poeta
2124 2148 2327 2222 boccum·

284 2265 439 2361 cognitio
461 2251 713 2348 Philosophiae
734 2255 903 2325 studiosis
926 2255 1080 2340 adferet,
1112 2258 1171 2324 ⁸⁰¹¹
1194 2271 1277 2327 ²³¹¹-
1323 2261 1472 2331 mentol
1502 2257 1683 2330 Admouet
1698 2252 1970 2328 honestasartes
1985 2255 2131 2348 propter
2145 2255 2332 2326 virtutem

281 2389 360 2446 tom
376 2362 501 2458 91111ῦὶ1
517 2359 700 2442 inditam,
725 2357 887 2426 1111111108
902 2379 1024 2445 ²8⁰st
1049 2356 1113 2450 qui
1130 2360 1174 2428 1111
1190 2353 1276 2448 baec
1325 2363 1491 2434 colendas
1505 2385 1597 2446 asse,
1623 2383 1714 2454 quae
1734 2360 1800 2428 atsi
1815 2381 1939 2449 parum
1953 2359 2154 2428 fructuosae
2166 2355 2328 2424 ridean-

285 2471 403 2546 studia
425 2460 666 2554 cognoscenda
690 2481 836 2550 operam
850 2479 952 2528 1111111
976 2458 1216 2541 mummi,
1241 2470 1278 2526 11
1326 2480 1385 2536 tur
1405 2463 1520 2534 avaris
1544 2460 1789 2552 etimprobis,
1812 2473 1932 2530 tamen
1954 2455 2022 2528 boc
2036 2458 2209 2546 divinitus
2227 2455 2329 2539 fieri,

284 2562 554 2660 Philosophiam
570 2583 712 2655 qnoque
728 2581 811 2628 suos
826 2572 1012 2630 sectatores
1026 2560 1141 2629 alere..
1152 2557 1279 2648 Quan—
1327 2591 1372 2636 ae
1391 2565 1509 2636 desint
1524 2563 1579 2632 illi
1600 2561 1715 2632 labori
1730 2561 1923 2631 mediocria
1935 2575 1971 2630 et
1986 2561 2133 2633 honesta
2151 2555 2327 2649 praemia.
2352 2601 2356 2610 -

286 2696 394 2772 qnam
418 2675 535 2740 autem
565 2659 692 2734 harum
720 2661 853 2732 artiu'm
878 2661 1034 2751 cognitio
1057 2667 1203 2753 p'ropter
1230 2684 1279 2746 se,
1426 2660 1511 2738 Sint
1533 2684 1617 2733 sane
1641 2663 1822 2754 quaedam·
1837 2663 1927 2732 aliae
1955 2676 2047 2732 artes
2070 2659 2181 2751 magis
2207 2682 2329 2751 quae-

260 2774 507 2864 'uoutmuu
529 2765 650 2859 aliqn'o
675 2763 986 2856 expetendam,
1016 2787 1097 2832 cnm
1119 2758 1214 2834 nihil
1234 2761 1281 2832 sit
1328 2781 1488 2846 nnosae,
1514 2787 1602 2858 quas
1625 2778 1748 2835 tamen
1766 2787 1841 2832 non
1861 2765 2044 2854 vitupero,
2071 2785 2151 2832 carm
2168 2761 2331 2830 sintne-
2439 2821 2440 2840 ,

287 2878 496 2955 honesturn,
522 2868 618 2962 quod
639 2888 714 2934 non
736 2865 1021 2954 magnametiam
1035 2864 1280 2935 utilitatemin
1329 2869 1495 2939 caesariae
1516 2865 1672 2958 Reipub.
1722 2863 1791 2936 sed
1807 2859 1943 2936 habent
1967 2865 2110 2934 interim
2133 2862 2331 2934 suaetiam

289 3005 326 3054 se
342 2977 539 3050 contineat:
566 2967 704 3038 Tamen
721 2967 876 3036 recitabo
890 2967 991 3035 vobis
1006 2966 1173 3050 fabulam,
1195 2990 1281 3054 pru·
1329 2971 1566 3041 incommoda.
1617 2965 1666 3036 ht
1688 2991 1728 3036 er
1751 2961 1809 3034 bis
1824 2967 1918 3035 veris
1937 2951 2202 3057 artibus,¹quac
2219 2983 2330 3032 nuno

290 3086 415 3152 denter
429 3100 450 3146 a
464 3071 588 3144 Poiitia
603 3069 804 3152 confictam,
830 3091 899 3160 qua
915 3068 1054 3136 animo's
1069 3067 1280 3137 discentium
1329 3071 1432 3141 robis
1447 3069 1757 3153 commendantur,
1789 3069 1952 3158 geminus
1963 3069 2099 3137 fructus
2116 3063 2333 3156 percipitur.

290 3181 501 3254 confirmare
522 3172 734 3252 voluerunt,
767 3191 813 3238 ne
840 3170 1019 3238 absterriti
1044 3171 1173 3260 ῐ1111Ρ1ἱ1
1205 3167 1282 3237 istit
1331 3173 1441 3244 Nulla
1469 3195 1510 3242 ex
1534 3192 1572 3240 re
1595 3169 1765 3240 maiorem
1789 3170 2006 3261 voluptatem
2034 3168 2173 3237 animus
2194 3189 2332 3256 capere

289 3274 605 3354 vociferationibus
639 3266 825 3340 hominum
858 3269 1127 3362 imperitorum,
1164 3270 1282 3340 studia
1332 3287 1464 3368 potest,
1489 3293 1594 3366 quam
1611 3295 1653 3342 er
1673 3271 1873 3360 cognitione
1890 3269 2068 3355 veritatis,
2092 3266 2140 3339 Et
2155 3263 2221 3336 boe
2240 3281 2331 3336 stu·
2439 3277 2440 3344 j

292 3372 546 3470 Philosophiae
562 3375 777 3442 desererent·
1102 3411 1104 3416 .
1333 3377 1394 3447 aio
1419 3377 1463 3445 od
1485 3369 1741 3443 humanitatem
1762 3373 1977 3444 serietatem
1993 3371 2168 3442 uelatur.
2217 3365 2330 3442 Haec
2439 3347 2440 3408 ἶ

393 3479 503 3551 Poiita
519 3470 732 3546 Theocritus
756 3471 899 3557 scribit,
921 3472 1028 3543 luisse
1051 3486 1227 3564 pastorem
1243 3473 1281 3542 in
1333 3481 1428 3551 bona
1461 3499 1534 3544 non
1562 3473 1716 3544 afferunt
1745 3474 1829 3544 illae
1860 3487 2089 3567 quaestuosae
2116 3481 2222 3549 artes,
2252 3469 2329 3536 sed
2439 3487 2440 3560 1

210 3581 213 3584 ’
293 3583 437 3668 Sicilia,
462 3579 610 3650 divitem
631 3588 737 3668 atque
757 3597 923 3655 avarum,
949 3575 1005 3645 cui
1027 3575 1134 3646 luerit
1152 3597 1284 3656 servus,
1333 3577 1477 3674 proprie
1495 3601 1535 3646 es
1554 3577 1625 3646 alio
1644 3598 1771 3666 genere
1786 3575 1968 3647 doctrinae
1986 3589 2092 3667 atque
2112 3570 2241 3642 artium
2257 3593 2334 3661 pe·-
2439 3647 2440 3658 g

293 3687 562 3780 gregiscustos,
587 3675 662 3747 Pan
687 3676 881 3769 quispiam,
908 3671 1015 3746 homo
1039 3679 1175 3767 Ρὶ111111
1198 3675 1285 3746 Mu·
1334 3683 1439 3753 tenda
1462 3692 1554 3748 sunt.
1606 3675 1706 3766 Quas
1728 3695 1845 3748 autem
1867 3673 1969 3769 opes,
2000 3699 2091 3770 quae
2114 3695 2220 3762 regna
2242 3671 2335 3740 ani-

294 3811 414 3862 sarnm
443 3783 569 3855 cultor.
599 3775 669 3850 'Et
690 3789 835 3869 propter
866 3773 972 3848 buius
1003 3780 1166 3870 pietatem
1190 3775 1286 3848 Deus
1334 3805 1415 3852 mus
1430 3782 1518 3850 bene
1531 3779 1714 3849 institutus
1729 3778 1839 3868 magis
1852 3792 1999 3868 expetet,
2019 3799 2127 3871 quam
2142 3775 2201 3844 illa
2214 3775 2335 3857 bona,

295 3911 435 3984 gregem
462 3885 628 3957 tuebatur
658 3879 826 3950 adversos
861 3893 975 3968 pestes
1001 3880 1118 3950 omnis
1147 3879 1285 3970 generis
1335 3909 1424 3978 qrrae
1440 3883 1532 3962 dixi,
1560 3877 1817 3951 humanitatem
1834 3893 1871 3950 et·
1884 3881 2060 3960 virtutem,
2085 3877 2216 3970 quibus
2230 3869 2335 3944 nihil

296 3987 453 4062 eiitiales
476 3983 680 4079 pecudibus.
732 3979 875 4052 Solebat
892 3995 1009 4051 autem
1026 3981 1162 4050 Pande
1184 4005 1286 4072 grege
1337 4001 1388 4056 est
1404 3983 1564 4067 suavius,
1590 3977 1682 4051 nibil
1697 3982 1847 4070 gratim,
1871 3980 1902 4050 si
1922 3980 2046 4050 noris?
2066 3977 2189 4072 Neque
2202 3990 2335 4048 umen

297 4091 446 4180 singulis
468 4085 647 4160 mensibus
670 4083 845 4152 oviculam
870 4080 986 4152 Musis
1008 4084 1222 4170 sacrificare,
1248 4099 1288 4154 nt
1337 4078 1457 4158 carent
1471 4084 1624 4154 externis
1640 4083 1835 4152 commodis
1852 4078 1937 4152 baec
1952 4081 2080 4154 studia.
2132 4078 2336 4150 Habebunt

297 4195 453 4287 placatae
471 4201 504 4257 et
519 4185 692 4277 propitiae
707 4207 845 4273 gregem
862 4196 1055 4254 tuerentur.
1338 4189 1440 4258 etiam
1458 4185 1651 4256 mediocria
1667 4185 1841 4276 praemia,
1869 4197 1903 4254 et
1919 4173 2110 4254 modestiae
2124 4179 2331 4252 suffectura.

402 4289 443 4361 ld
461 4312 544 4358 vero
566 4285 630 4356 ubi
650 4286 792 4354 rescivit
808 4279 915 4354 beros
931 4287 1061 4376 impius
1077 4303 1183 4378 atque
1206 4311 1289 4356 ava·
1339 4289 1427 4360 Nam
1453 4289 1483 4356 si
1508 4289 1575 4357 erit
1595 4287 1712 4378 aliqua
1726 4286 1887 4376 Respnb.
1902 4277 2120 4375 intelligetur
2136 4305 2193 4353 eas
2212 4282 2335 4352 teneri

298 4418 380 4480 rus,
404 4405 457 4465 tot
470 4386 618 4461 mactari
633 4407 833 4466 oves‚non
847 4387 1138 4460 dissimulandam
1152 4401 1288 4461 tantam
1337 4413 1412 4460 non
1433 4413 1552 4480 posse,
1575 4389 1652 4457 sine
1674 4381 1729 4456 his
1744 4388 1877 4458 nostris
1889 4388 2034 4458 artibus.
2089 4384 2210 4474 Quare
2224 4406 2340 4475 prae-

299 4499 471 4568 iacturam
488 4489 712 4572 existimans,
738 4480 935 4578 expostulat
958 4513 1037 4560 cnm
1055 4513 1169 4560 servo.
1220 4487 1289 4558 Hic
1340 4492 1410 4561 mia
1427 4491 1577 4583 proponi
1596 4511 1733 4560 necesse
1749 4489 1827 4562 erit.
1877 4485 2012 4568 Errant
2027 4488 2124 4560 enim
2146 4487 2342 4572 nonnussl,

299 4595 445 4688 exponit
467 4591 524 4663 sui
542 4587 683 4662 consilii
706 4611 867 4687 causam,
891 4592 993 4661 docet
1015 4594 1105 4663 bene
1125 4589 1290 4660 collocari
1340 4592 1402 4687 qui
1417 4593 1483 4662 uni
1503 4605 1641 4662 tanturn
1662 4592 1729 4662 arti
1754 4591 1871 4660 locum
1892 4591 1931 4658 in
1953 4591 2095 4661 civitate
2117 4590 2343 4674 concedunt,

300 4686 538 4768 bocolbeium
555 4693 594 4760 in
610 4691 724 4774 Deos,
749 4691 811 4784 qni
833 4713 972 4782 gregem
996 4688 1167 4763 hactenus
1186 4692 1291 4762 loeli-
1340 4694 1496 4787 reliquas
1529 4714 1671 4777 omnes,
1713 4687 1948 4784 Theolugiam
1978 4705 2017 4764 et
2048 4684 2344 4782 Philosophiam,

300 4799 389 4870 citer
409 4786 659 4876 custodierint,
685 4792 841 4864 ostendit
863 4796 1019 4887 praemia
1044 4795 1195 4864 maxima
1217 4795 1292 4885 pie-
1340 4821 1415 4866 non
1432 4796 1536 4866 aliter
1556 4794 1697 4866 civitate
1718 4795 1877 4886 pellunt,
1901 4817 1941 4864 ac
1955 4787 2058 4864 Plato
2075 4791 2201 4866 Pastas
2225 4793 2345 4868 eiicit.

302 4899 367 4972 rati
383 4897 561 4990 proposila
576 4917 661 4968 esse.
1342 4897 1414 4969 Sed
1430 4893 1639 4967 Aristoteles
1653 4896 1909 4987 sapientissime
1926 4887 2027 4980 dixit,
2051 4893 2133 4964 Non
2150 4893 2229 4964 fieri
2244 4894 2344 4964 civi-

405 4997 606 5069 lllese'cure
622 4995 744 5065 ridens
760 4991 855 5065 Deos
872 5019 911 5064 ac
927 4997 1203 5081 divinaomnia‚
1228 5017 1304 5067 ne-r
1342 5011 1450 5070 tatem
1480 5023 1520 5068 er
1543 4995 1688 5068 Medico
1720 5011 1755 5070 et
1777 4996 1938 5081 Medico,
1976 4997 2038 5066 sed
2065 5020 2106 5066 ex
2128 4993 2278 5066 Medion
2305 5011 2343 5068 et

303 5117 362 5196 gat
381 5100 450 5172 sibi
474 5099 562 5184 tanti
586 5119 661 5166 esse
687 5097 876 5186 religiones
904 5099 1014 5184 ullas,
1046 5113 1087 5170 ut
1109 5111 1292 5192 propterea
1344 5094 1527 5191 Agricola,
1558 5095 1628 5170 hoe
1654 5112 1727 5185 est,
1759 5099 1908 5176 diversis
1935 5122 1976 5169 ac
2006 5097 2170 5190 pluribus
2192 5098 2343 5168 artibus

303 5227 404 5297 egere
419 5216 453 5274 et
476 5199 609 5270 esurire
625 5199 721 5269 velit.
773 5196 827 5269 Ac
843 5201 1001 5270 deservo
1017 5201 1065 5271 ait
1081 5225 1116 5272 se
1131 5215 1294 5294 sumptu·
1342 5225 1433 5292 opus
1457 5227 1541 5272 esse.
1592 5198 1671 5273 Hoc
1692 5214 1851 5292 tempore
1874 5224 1959 5272 sene
1975 5203 2063 5272 dura
2084 5201 2232 5270 fortuna
2249 5223 2347 5270 con-

303 5331 386 5379 rum
408 5296 481 5378 ess‘e
503 5299 741 5393 supplicium,
774 5301 857 5396 quia
872 5303 1042 5374 damnum
1068 5304 1198 5374 sarcire
1219 5325 1293 5374 non
1343 5304 1522 5374 llictamnr
1553 5303 1704 5376 studiosi
1734 5325 1877 5390 omues,
1918 5287 1958 5374 ac
1991 5303 2090 5374 velut
2113 5303 2176 5374 ille
2200 5323 2348 5387 servm
