4896 5974
152 180 225 258 646

148 355 337 430 Credimus
353 353 439 430 haec
453 341 520 430 'tibi
537 355 655 431 Gnate
670 357 757 447 Dei,
780 362 830 434 sic
852 353 993 436 credere
1011 363 1090 434 voci

196 459 362 534 Prolatae
377 483 419 532 ex
433 462 548 554 patrio
563 461 736 557 praecipis
748 464 822 555 ipse
840 467 936 536 sinu.

146 561 217 636 Sed
232 577 351 635 tamen
369 557 456 634 hacc
471 565 557 635 fidei
571 563 709 638 modica
725 579 777 636 est
790 567 1005 656 scintillula,
1031 567 1093 638 liat
1163 555 1167 624 i

196 661 345 738 Auxilio
362 665 516 758 petimus
532 667 662 738 fortior
679 668 740 738 illa
756 681 829 742 tuo.

143 763 198 839 Ac
214 769 326 840 veluti
343 769 432 840 lucis
447 769 567 862 radios
581 769 644 841 Sol
661 771 793 862 spargit
811 773 851 842 in
868 769 1018 854 Orbem,

195 869 255 942 Tu
270 869 326 940 sol
342 869 498 942 iustitiae
511 893 579 942 nos
593 894 673 963 rege
690 873 769 944 lnce
786 885 857 945 tua.

141 967 192 1044 Et
207 997 284 1046 non
302 973 460 1064 extingui
473 972 606 1066 patiane
619 975 660 1044 in
675 989 816 1067 pectore
830 989 966 1063 nostro,

194 1073 442 1171 Notitiamque
457 1075 531 1162 tui,
555 1076 791 1172 notitiamque
806 1080 928 1170 patris.

140 1175 422 1272 Hospitiumque
437 1190 518 1250 tuae
531 1179 718 1250 doctrinae
735 1193 878 1273 protege
894 1175 1049 1268 Christe,

192 1278 442 1375 Emannelque
455 1294 517 1353 tuo
532 1304 672 1374 semper
688 1283 809 1356 adesto
825 1283 931 1376 gregi.

137 1587 211 1664 No.
234 1587 321 1661 526.

147 1684 325 1714 Μ

971 1622 1019 1661 an.
1045 1598 1139 1663 1559.

959 1689 1133 1718 W„

213 1768 297 1840 Apud
310 1767 437 1828 Vincent.
453 1789 479 1842 p.
493 1769 536 1826 89.
572 1767 679 1841 Scripta
695 1767 772 1842 publ.
788 1768 832 1824 lll.
847 1789 873 1841 p.
885 1769 945 1824 256.

544 1915 735 1984 Precatio.

142 2043 255 2134 Quod
270 2048 381 2146 λόγος
397 2045 533 2117 aeterni
546 2046 721 2116 demissus
735 2045 780 2116 ab
796 2067 876 2114 arce
897 2045 1064 2136 parentis,

194 2145 325 2220 Factus
339 2161 374 2220 et
392 2143 549 2218 humana
563 2147 706 2218 victima
725 2171 830 2217 carne
847 2147 931 2217 luit:

139 2247 242 2320 Haec
256 2264 308 2322 est
321 2251 445 2322 divina
460 2250 632 2342 sapientia
648 2250 777 2320 tradita
793 2273 891 2332 voce,

196 2350 315 2440 Quam
331 2375 437 2422 verax
452 2353 551 2425 testis
567 2353 775 2445 comprobat
790 2352 864 2443 ipse
877 2348 986 2422 Deus.
1054 2378 1060 2386 ·

141 2451 263 2526 Tanta
277 2451 346 2525 Dei
366 2455 528 2542 bonitas,
552 2467 587 2526 et
602 2468 699 2526 tanta
716 2449 802 2524 haec
818 2454 959 2523 foedera
978 2450 1075 2520 cerni

196 2554 281 2628 Non
296 2571 462 2650 possunt,
489 2559 616 2628 doceas
630 2555 689 2627 Tu
704 2556 774 2626 nisi
792 2557 899 2626 corda
915 2552 1022 2626 Deus.

141 2655 213 2729 Vis
229 2671 346 2731 antem
362 2659 505 2750 agnosci
519 2652 653 2759 λόγον,
681 2683 721 2728 ac
737 2673 777 2730 ut
796 2657 949 2728 nuncius
964 2656 1032 2726 iret

199 2759 352 2848 Misisti,
375 2763 481 2834 nobis
496 2763 626 2854 pignus
641 2775 675 2832 et
692 2784 765 2832 esse
782 2759 894 2830 iubes.

142 2861 203 2935 Te
220 2879 319 2956 pater
333 2865 409 2956 ipse
423 2863 530 2934 simul
545 2865 621 2947 vis,
646 2877 681 2935 et
697 2877 756 2935 tua
774 2885 922 2932 munera
937 2861 1030 2929 sumi

198 2965 252 3037 Te
267 2967 430 3038 tribuens
442 2967 549 3038 nobis
565 2981 602 3039 et
616 2979 676 3038 tua
693 2967 805 3047 dona,
831 2965 909 3036 fide.
1038 2991 1041 2996 ·

138 3062 241 3160 Ergo
260 3066 379 3140 Gnate
395 3067 463 3139 Dei
477 3069 583 3141 nobis
596 3071 642 3139 da
653 3063 796 3140 Christe
811 3087 1007 3160 precamur,

196 3170 372 3244 Notitiam
392 3172 519 3264 patris,
545 3171 783 3264 notitiamque
796 3169 861 3242 tui.

140 3269 251 3369 Eque
267 3287 328 3345 tuo
343 3274 556 3344 flammasin
573 3285 713 3364 pectora
728 3271 886 3368 spargite
906 3285 1039 3351 nostra,

201 3373 251 3448 Ut
266 3377 450 3454 celebrent
460 3400 545 3446 vero
561 3397 700 3468 semper
713 3369 852 3444 honore
867 3372 994 3446 Deum.

141 3475 195 3551 Et
210 3492 272 3550 tua
288 3479 334 3550 sit
348 3501 515 3564 concors,
540 3491 741 3571 crescatque
754 3473 931 3562 Ecclesia,
957 3489 992 3546 et
1006 3499 1077 3547 una

199 3581 298 3651 Voce
311 3595 391 3653 tuas
404 3581 543 3668 laudes,
564 3593 601 3651 et
616 3593 676 3651 tua
692 3581 787 3649 dona
802 3591 918 3652 canat.

145 3888 221 3960 No.
245 3887 333 3961 827.

154 3983 333 4014 Μ

976 3915 1023 3952 an.
1049 3891 1143 3956 1559.

964 3979 1136 4008 Μ

221 4067 304 4140 Apud
319 4067 447 4124 Vinciat.
460 4087 488 4142 p.
502 4068 548 4124 48.

146 4217 214 4288 De
228 4216 422 4310 coningio,
447 4217 490 4284 in
510 4213 664 4305 nuptiae
683 4212 881 4282 loannis
900 4212 1144 4299 cratonis,

149 4321 300 4391 aetiana
320 4324 360 4389 et
389 4312 607 4388 medicinae
630 4315 741 4386 Daci.
768 4314 1045 4398 Viatialccice,
1081 4335 1144 4386 aa.

448 4415 701 4492 {blahasam
715 4413 841 4509 septo.

269 4523 383 4611 Ephes.
399 4528 449 4591 50:
472 4524 656 4608 Mystarium
674 4525 734 4586 boo
750 4547 895 4608 magnum
912 4537 956 4586 cst
969 4535 1028 4587 eto·

147 4655 279 4728 Pectus
291 4669 331 4728 ut
346 4657 386 4725 in
400 4678 533 4749 sponso
554 4655 778 4726 flammarum
797 4652 961 4726 incendia
978 4651 1095 4736 sentit,

202 4757 280 4848 Qui
294 4783 380 4830 vero
392 4779 542 4851 sponsae
559 4757 684 4847 flagrat
701 4779 821 4826 amore
836 4779 935 4827 suae:

147 4861 326 4937 Naturam
340 4861 473 4932 sociam
489 4883 574 4930 vero
589 4858 639 4929 sic
654 4857 772 4950 diligit
790 4857 872 4948 igne

202 4963 320 5036 Filius
333 4977 478 5034 aeterno
496 4964 541 5033 de
557 4959 730 5032 Genitore
745 4973 852 5032 satus.

150 5065 279 5140 Induit
293 5061 452 5138 humano
467 5089 574 5160 quam
590 5063 754 5145 loedere,
779 5085 851 5158 quc
872 5061 941 5134 sibi
958 5075 1121 5135 nostrum

202 5169 377 5242 Fraterno
390 5167 525 5260 pariter
538 5166 655 5238 iunxit
671 5189 791 5236 amore
804 5187 927 5256 genus.

151 5269 236 5346 Iura
253 5265 351 5343 thori
365 5267 465 5342 Dens
477 5269 679 5363 exemplum
696 5291 780 5340 cum
793 5265 947 5340 laederis
962 5261 1070 5340 huius

203 5371 292 5450 Esse
304 5374 412 5462 velit,
438 5385 530 5446 caste
542 5370 716 5466 praecipit
729 5369 805 5466 ipsc
820 5368 903 5443 coli.

868 185 1194 268 CARMINUM
1244 192 1353 268 LlB.
1388 193 1467 272 Ill.

1163 361 1259 462 {Nm
1283 365 1370 439 328.

1164 459 1371 490 ιῸΑν

2050 159 2055 164 ’
2095 217 2188 290 aas
2299 259 2302 264 ,

2014 419 2062 459 att.
2091 397 2184 460 1⁵60.

2006 487 2178 514 Μ

1277 576 1359 650 Apud
1375 579 1502 638 Vincerat.
1519 602 1545 653 p.
1559 585 1593 638 ⁵2
1605 605 1646 657 sq.

1241 733 1304 808 Aa
1323 737 1536 818 studiosam
1558 748 1791 824 iuventutem
1808 776 1876 848 pro
1903 752 2015 852 felici
2038 769 2133 836 antii
2280 769 2292 793 ⁶

1597 856 1780 944 auspicio.

1191 986 1285 1058 Vere
1298 983 1418 1080 Deus,
1440 995 1598 1088 sapiens,
1625 1003 1734 1072 verbo
1751 1019 1791 1076 tu
1804 1021 1929 1080 cuncta
1943 1019 2082 1105 creasti,

1242 1087 1289 1162 Et
1304 1096 1409 1164 certis
1425 1120 1560 1170 annum
1576 1102 1712 1193 legibus
1727 1105 1779 1176 ire
1796 1107 1907 1180 iubes.

1189 1190 1352 1288 Cumque
1369 1198 1457 1268 velis
1473 1197 1616 1291 pulchri
1630 1221 1742 1277 metae
1759 1225 1960 1302 spectentur
1973 1232 2014 1290 ut
2027 1224 2130 1294 anni:

1242 1295 1411 1368 Miranda
1428 1299 1524 1372 Solis
1539 1317 1579 1373 tu
1594 1309 1685 1398 regis
1702 1323 1776 1381 arte
1791 1313 1875 1389 vias.
1988 1363 1991 1370 ·

1189 1393 1302 1468 Effice
1319 1413 1359 1472 ut
1375 1401 1441 1474 iste
1457 1409 1519 1478 t'uo
1532 1409 1639 1478 nobis
1660 1411 1706 1483 sit
1721 1417 1870 1488 numine
1883 1419 1968 1492 iclix
2008 1471 2012 1480 ι

1242 1499 1389 1589 Annus,
1415 1505 1478 1597 qui
1495 1531 1609 1579 novus
1624 1506 1692 1583 hoc
1711 1515 1838 1608 incipit
1853 1543 1926 1604 esse
1940 1525 2008 1596 die.

1191 1600 1246 1672 Da
1264 1629 1401 1696 pacem,
1428 1608 1636 1705 vigeantque
1650 1615 1765 1687 bonae
1780 1632 1813 1690 te
1829 1625 1990 1713 praeside
2005 1627 2111 1719 leges,

1243 1703 1297 1776 Ac
1313 1704 1503 1799 Evangelii
1521 1735 1587 1782 nos
1604 1739 1683 1807 rege
1696 1719 1776 1790 luce
1792 1723 1857 1797 tui.

1193 1805 1379 1880 Infirmum
1396 1813 1462 1882 scis
1477 1837 1549 1884 esse
1563 1837 1723 1912 gregem,
1750 1823 1812 1916 qui
1828 1828 1991 1917 dogmata
2007 1834 2120 1904 discit.

1242 1909 1392 1984 Vivifica
1409 1917 1505 2004 gnati
1521 1919 1648 1992 tradita
1664 1947 1749 1994 voce
1766 1927 1832 1996 tui.

1198 2009 1306 2082 Adsis
1319 2015 1357 2083 in
1373 2018 1478 2103 nobis
1495 2019 1605 2110 igitur
1620 2038 1807 2120 custosque
1824 2043 2003 2128 paterque,

1241 2115 1349 2186 Nulla
1366 2120 1464 2190 venit
1477 2123 1582 2192 nobis
1599 2124 1652 2194 Te
1666 2128 1743 2198 sine
1756 2132 1862 2202 dante
1878 2136 1982 2205 salus.

1191 2213 1239 2290 Et
1252 2219 1335 2311 quia
1353 2232 1391 2290 tu
1405 2223 1523 2312 legum
1538 2225 1636 2311 fons,
1662 2231 1776 2320 pulcri
1793 2257 1832 2304 ac
1848 2221 1987 2308 ordinis
2003 2257 2107 2315 autor

1242 2317 1292 2390 Es
1304 2317 1418 2407 Dens,
1445 2338 1478 2394 et
1495 2339 1612 2396 custos
1627 2331 1775 2420 legitimi
1795 2333 1955 2428 Imperii:

1190 2415 1397 2494 Fcrnanda
1410 2427 1546 2498 tribuas
1562 2430 1666 2522 longa
1682 2447 1719 2504 et
1735 2436 1874 2510 foelicia
1890 2446 1991 2532 regni

1243 2525 1423 2617 Tempora
1438 2529 1482 2598 da
1500 2531 1636 2602 faustus
1650 2535 1696 2605 sit
1711 2551 1809 2626 pater
1822 2555 1862 2612 ut
1875 2547 2019 2634 patriae.

1192 2625 1358 2698 Succedit
1373 2629 1475 2700 fratri
1487 2633 1595 2703 irater
1608 2636 1674 2706 tibi
1689 2630 1843 2728 Carolc,
1867 2646 1969 2726 cuius

1137 2787 1140 2794 .
1246 2728 1423 2801 Virtutem
1439 2757 1577 2826 semper
1590 2739 1682 2809 secla
1698 2742 1818 2813 lutura
1833 2749 1970 2834 canent,

1193 2829 1319 2902 Vicisti
1333 2834 1491 2926 quoties,
1515 2837 1656 2910 bonitas
1670 2855 1730 2914 tua
1746 2844 1850 2918 leniit
1864 2849 1967 2935 iram,

1243 2931 1296 3004 Ne
1312 2935 1446 3006 bellum
1465 2953 1608 3030 possent
1625 2943 1738 3014 tristia
1753 2947 1856 3038 plura
1872 2955 1984 3046 sequi.

1091 3077 1095 3086 ·
1192 3030 1247 3105 Ex
1262 3060 1349 3107 auro
1363 3039 1484 3129 frenos
1497 3041 1557 3112 dat
1574 3041 1691 3116 Pallas
1707 3043 1991 3144 Bellerophonti,

1244 3136 1366 3210 Servet
1382 3155 1423 3212 ut
1438 3142 1594 3216 inbellis
1611 3171 1691 3217 cum
1707 3152 1846 3222 ratione
1858 3158 2017 3232 modum.

1192 3237 1264 3311 Par
1280 3242 1421 3314 bonitas
1436 3245 1538 3316 fratri
1555 3261 1624 3334 est,
1650 3250 1714 3344 qui
1732 3276 1874 3344 parcere
1891 3258 2028 3334 civibus
2043 3281 2152 3357 optat,

1244 3339 1292 3414 Et
1306 3359 1429 3416 contra
1446 3345 1585 3419 Turcos
1600 3352 1662 3444 qui
1678 3353 1736 3444 pia
1751 3356 1844 3428 bella
1860 3361 1960 3450 gerit.

1194 3442 1296 3534 Quos
1313 3448 1438 3538 procul
1453 3471 1473 3516 a
1488 3452 1592 3521 nobis
1608 3457 1763 3546 depellas
1778 3454 1919 3532 Christe
1934 3479 2144 3556 precamur,

1244 3545 1416 3642 Bellaque
1431 3573 1535 3622 nemo
1553 3553 1651 3624 domi
1668 3558 1834 3630 seditiose
1848 3580 1955 3654 gerat.

2014 3963 2061 4002 cn.
2085 3945 2176 4008 1559.

2011 4031 2179 4064 Μ

1194 3919 1361 4048 QG

1061 4119 1072 4152 ’·
1199 4103 1202 4108 ¹
1300 4133 1382 4206 Apud
1400 4131 1527 4188 Vincent.
1550 4153 1576 4206 p.
1590 4135 1676 4208 sscq.

1195 4291 1421 4368 &hortatio
1435 4294 1487 4368 ad
1498 4294 1698 4371 doctrinae
1710 4275 1841 4375 dudio
1854 4311 1894 4376 ei
1908 4308 2187 4386 invocationem.

1196 4444 1391 4519 Effundam
1409 4447 1555 4532 flatum,
1582 4447 1688 4535 dicis,
1712 4449 1861 4523 Davidis
1876 4453 1914 4523 in
1928 4480 2064 4548 agmen,

1248 4545 1407 4637 Christe,
1432 4545 1620 4639 Evangelii
1633 4551 1695 4644 qui
1711 4553 1800 4625 solet
1816 4579 1888 4625 esse
1903 4581 2029 4634 comes.

1199 4649 1323 4724 Gratia
1341 4674 1468 4742 magna
1482 4647 1551 4722 Dei
1565 4651 1676 4724 docili
1690 4668 1731 4726 ut
1746 4657 1931 4729 notissima
1947 4661 2018 4746 liat,

1250 4751 1369 4848 thue
1384 4779 1486 4847 prece
1505 4756 1647 4825 accedat
1662 4779 1737 4827 non
1755 4758 1939 4832 dubitante
1956 4759 2085 4838 Deum.

1199 4855 1385 4928 Mentibus
1400 4871 1432 4927 et
1449 4857 1591 4948 petiisse
1606 4857 1707 4930 iubes
1724 4853 1793 4931 hoc
1804 4885 1935 4934 munus
1950 4860 2101 4954 anhelis,

1250 4955 1376 5054 Teque
1392 4959 1507 5030 avidis
1524 4959 1620 5030 iuras
1640 4955 1707 5032 hoc
1721 4962 1807 5032 dare
1821 4963 1912 5034 velle
1928 4967 2076 5042 bonurn

1198 5057 1295 5152 Ergo
1314 5085 1399 5132 voce
1416 5074 1477 5132 tua
1494 5061 1616 5144 conlisi
1632 5059 1773 5134 Christe
1789 5089 1985 5156 precamur,

1251 5161 1352 5235 Aura
1365 5162 1539 5254 evangelii
1552 5163 1599 5234 sit
1614 5187 1730 5235 comes
1744 5165 1811 5242 ista
1828 5167 1895 5242 tui.

1199 5265 1333 5338 Luceat
1348 5265 1387 5334 in
1404 5263 1529 5350 nobis,
1554 5277 1589 5336 et
1602 5265 1714 5338 iustae
1729 5282 1872 5362 pectora
1887 5289 2009 5348 nostra

1253 5361 1447 5440 Adsimilet
1459 5363 1677 5540 Lepi1,*quac
1694 5370 1775 5442 data
1793 5397 1878 5446 voce
1892 5367 1963 5447 Dei
1981 5391 2043 5450 cst.
