4896 5974
295 221 370 299 sao
884 143 889 160 ⁸
975 173 978 180 ’
1022 205 1353 286 canutuuu
1402 209 1509 285 ura.
1535 211 1590 286 11.
1860 139 1871 156 ⁸
2246 207 2322 286 seo

297 398 349 471 Ut
361 393 491 468 summi
507 393 617 488 patris
633 392 773 464 assidua
787 411 889 484 prece
901 386 1040 479 mitiget
1055 386 1158 476 iram.
1336 380 1436 473 Quin
1451 409 1514 456 vos
1529 387 1672 474 efficite,
1697 399 1739 457 ut
1752 387 1908 479 probitas
1923 381 2069 456 innoxia
2085 405 2226 478 semper

204 579 207 585 ¹
298 500 393 571 Huic
408 498 518 588 igitur
530 497 605 588 regi
620 495 764 565 iuvenes
778 515 919 584 parere,
946 511 1133 582 senesque:
1387 485 1568 559 Praesidio
1587 503 1702 560 vestro
1719 503 1793 560 tuta
1809 513 1952 560 manere
1969 499 2086 582 queat.

300 601 459 694 Tempus
468 601 577 684 enim,
592 593 683 666 mihi
692 597 833 678 credite,
850 595 1006 662 eritcum
1016 587 1288 672 numinisultor,
1335 584 1409 656 Nec
1426 589 1669 662 circumscribi
1686 594 1841 684 pupillos
1856 593 1980 662 fraude
1994 587 2130 673 sinatis,

300 701 480 774 Contemti
495 703 570 794 ipse
586 700 641 769 sui
656 723 804 790 poenas,
831 709 866 765 et
881 696 971 764 iusta
988 703 1147 785 reposcet
1343 699 1344 702 ’
1388 687 1516 762 Iniusti
1533 707 1692 764 metuant
1708 695 1822 765 tristia
1837 695 1916 765 iura
1931 693 2011 762 lori.

302 805 502 898 Supplicia,
528 817 562 873 et
577 803 658 892 figet
673 823 812 893 semper
826 820 990 866 mensura
1009 789 1177 886 trophaea
1337 789 1407 863 Sed
1423 789 1518 865 nihil
1534 789 1591 864 his
1606 797 1751 866 monitis
1766 820 1889 887 regum
1905 797 1976 864 fera
1994 793 2100 864 corda
2117 803 2317 874 morentur,

302 907 475 978 Hostibus
491 904 662 975 extinctis.
713 901 802 972 Nam
819 900 938 988 magni
952 900 1073 968 dextra
1090 891 1246 988 parentis
1390 893 1462 964 Nee
1480 921 1601 966 coccae
1617 911 1752 968 mentes
1766 900 1917 976 numina
1933 907 2072 966 summa
2084 895 2222 964 timent.

301 1008 409 1080 Hunc
423 1009 540 1092 iuvat,
566 1020 600 1076 et
611 1027 734 1094 regum
751 1005 889 1090 franget
904 1002 1065 1093 viresque
1080 998 1276 1097 minasque,
1338 993 1445 1066 Nulla
1460 998 1657 1090 voluptates
1670 1003 1902 1070 moderantur
1916 997 2057 1067 vincula
2073 997 2200 1086 legum,

301 1108 558 1203 thuanquam
568 1129 753 1176 aerumnas
763 1117 911 1187 nostras,
931 1116 1150 1192 mortemque
1159 1096 1291 1180 subire,
1391 1096 1545 1170 Miscent
1559 1101 1708 1171 arbitrio
1724 1103 1851 1186 fanda,
1876 1101 2030 1170 nefanda
2047 1121 2122 1172 suo.

301 1209 351 1282 Et
367 1211 520 1302 perferre
537 1210 635 1278 iubet
649 1220 767 1298 pater,
792 1195 889 1275 hunc
903 1218 1022 1274 tamen
1036 1201 1122 1271 inde
1135 1201 1279 1278 reducet
1340 1197 1410 1270 Sed
1429 1202 1571 1271 meritas
1585 1203 1671 1272 olim
1689 1205 1790 1273 dabit
1804 1204 1868 1272 ista
1882 1202 2025 1272 licentia
2042 1221 2185 1292 poenas,

301 1311 345 1382 ln
358 1313 485 1400 vitam,
510 1311 688 1402 fascesque
703 1307 817 1393 dabit,
842 1327 1060 1400 regnumque
1076 1317 1208 1374 tencre.
1391 1299 1658 1398 Convenietque
1674 1306 1760 1374 actis
1775 1305 1887 1374 exitus
1903 1305 1979 1395 ipse
1990 1303 2074 1376 suis.

252 1397 255 1404 ’
944 1412 945 1416 ’
1340 1399 1432 1474 Ecce
1447 1428 1510 1495 ego
1526 1407 1690 1476 deiiciam
1706 1407 1795 1476 celsa
1811 1409 1854 1476 de
1868 1409 1949 1476 sede
1965 1404 2165 1498 Tyrannus,

1392 1503 1483 1576 Cum
1501 1509 1665 1576 manibus
1679 1521 1790 1578 terras
1804 1510 1879 1600 ipse
1895 1509 2044 1577 movebo
2061 1506 2162 1574 meis.

1087 1654 1145 1734 (m
1172 1649 1282 1726 1527.)
1342 1606 1417 1677 Vos
1433 1609 1597 1702 equidem
1611 1633 1685 1679 esse
1701 1607 1795 1680 Deos
1809 1611 1911 1694 iussi,
1937 1622 2109 1702 natosque
2126 1606 2257 1686 vocavi,

950 1739 954 1750 ·
1080 1699 1293 1774 κέν»
1394 1707 1490 1778 Voce
1504 1735 1580 1779 mea
1595 1712 1697 1780 vobis
1713 1736 1819 1802 regua
1838 1727 1958 1790 tenere
1974 1711 2068 1780 dedi.
2148 1789 2154 1800 ¹

1343 1810 1415 1882 Sed
1430 1826 1585 1904 repetam
1600 1814 1740 1897 titulos,
1764 1827 1798 1882 et
1814 1815 1915 1904 regni
1929 1815 2037 1882 iratus
2051 1805 2218 1896 honores,

1394 1909 1443 1984 Et
1459 1915 1588 1984 dabitis
1603 1938 1734 2006 poenas
1750 1939 1813 1984 vos
1828 1917 2020 2007 aliquando
2036 1909 2140 1987 mihi.
2217 1975 2220 1984 ,

357 2040 529 2112 Psalmus
551 2037 664 2108 0le
695 2032 936 2135 „Confitebor
960 2027 1153 2108 Domino”
1177 2039 1242 2107 ato.
1343 2013 1461 2106 thue
1476 2016 1538 2084 alii
1553 2015 1648 2086 exuti
1665 2017 1781 2106 regnis
1797 2019 1952 2086 cecidere
1970 2015 2147 2112 Tyranni,

489 2141 493 2146 ·
1395 2114 1469 2206 Qui
1484 2117 1592 2188 veluti
1609 2117 1722 2208 plebis
1739 2143 1837 2210 pars,
1861 2120 1938 2188 siue
1956 2113 2091 2188 honore
2104 2117 2235 2187 iacent:

1341 2215 1402 2288 Sic
1418 2232 1602 2311 postquam
1618 2220 1712 2290 tituli
1727 2221 1829 2290 vobis
1843 2244 1908 2308 ego
1923 2223 2106 2312 dempsero
2124 2215 2304 2298 honorem,

1392 2317 1576 2412 Lapsaque
1591 2345 1670 2390 cum
1686 2323 1821 2392 suerint
1836 2337 1969 2412 sceptra
1986 2323 2136 2411 superba
2153 2345 2276 2392 manu:

1344 2419 1416 2490 Vos
1431 2425 1549 2510 ignota
1567 2423 1663 2490 eritis
1679 2437 1951 2516 contemptaque
1967 2425 2110 2521 lunera,
2134 2425 2225 2494 sicut

1393 2518 1555 2592 Obscura
1574 2525 1700 2612 vulgus
1714 2539 1827 2594 morte
1843 2527 1958 2615 perire
1973 2527 2073 2599 solet.

1344 2620 1390 2694 At
1406 2640 1444 2695 tu
1461 2649 1595 2694 summe
1610 2623 1718 2696 Dtsth
1735 2650 1873 2714 surgas,
1897 2641 2097 2720 terramque
2112 2628 2297 2716 gubernes,

1265 2806 1269 2815 l
1394 2726 1540 2820 Absque
1557 2739 1616 2796 tuo
1633 2750 1782 2814 regnum
1800 2730 1948 2798 numine
1964 2744 2056 2798 stare
2072 2729 2209 2822 nequit.

1343 2823 1479 2897 Omnes
1496 2842 1530 2896 te
1545 2843 1665 2915 gentes
1679 2827 1873 2900 Dominum
1889 2844 2117 2922 metuantque
2132 2831 2317 2922 colantque

1393 2925 1526 2999 Omnia
1542 2944 1624 2999 sunt
1640 2933 1770 2999 etenim
1786 2932 1853 3001 sub
1870 2933 2005 3002 ditione
2021 2946 2094 3004 tua.

300 1653 472 1778 Q

370 1879 402 1934 ln
417 1897 481 1952 opp.
493 1878 556 1934 lias.
571 1876 605 1932 Τ.
616 1877 648 1931 V.
661 1897 689 1949 p.
697 1875 759 1932 att.
773 1885 800 1930 et
813 1877 885 1949 apud
898 1875 979 1932 vinc.
990 1895 1018 1948 p.
1025 1874 1068 1930 21.

238 2267 242 2274 ¹
354 2188 453 2276 Quas
470 2187 594 2254 laudes
610 2183 676 2253 tibi
690 2207 755 2252 nos
770 2198 870 2275 pater
883 2205 1060 2269 canemus,

354 2288 456 2376 Quae
472 2299 662 2378 praeconta
679 2287 909 2380 maximisque
925 2286 1026 2355 factis

353 2389 544 2460 Dicemus?
570 2387 754 2457 manifesta
769 2388 866 2476 signa
883 2387 988 2456 nobis

353 2489 562 2561 Monstrasti
579 2489 747 2558 bonitatis
762 2504 796 2558 ct
811 2489 953 2572 favoris,

353 2591 403 2662 Ut
418 2613 522 2662 curae
537 2591 601 2659 tibi
618 2615 683 2658 nos
697 2590 847 2659 sciamus
865 2613 950 2660 esse.

353 2689 481 2763 Escam
497 2715 650 2784 namque
666 2692 735 2782 piis
750 2705 849 2783 pater
863 2689 1003 2776 dedisti,

352 2791 402 2865 Et
417 2794 528 2864 tradis
543 2790 728 2862 Cananaea
745 2817 851 2884 regna
870 2793 984 2877 nobis,

352 2895 566 2966 Mansurum
584 2919 725 2988 quoque
740 2896 865 2964 foedus
879 2899 985 2964 om'ne
1001 2893 1038 2961 in
1057 2915 1182 2962 aerum

352 2995 498 3069 Fecisti:
525 3011 603 3068 rata
616 3010 720 3081 sunt,
744 3011 918 3088 eruntque
931 3017 1077 3085 semper,

354 3099 455 3187 Quae
470 3099 559 3167 dicis
576 3111 694 3188 pater,
719 3111 824 3189 atque
838 3098 1027 3188 polliceris.

351 3199 530 3272 Defendes
544 3199 715 3288 populum
730 3211 850 3282 tuum,
876 3211 981 3290 atque
993 3196 1112 3268 mittes
1340 3196 1485 3274 Nota.
2071 3187 2077 3200 ’
2137 3199 2202 3295 (an.
2220 3207 2328 3283 1527.)

351 3304 393 3374 ln
409 3315 519 3370 terras
534 3298 752 3383 Dominum,
778 3299 839 3366 ille
857 3297 1033 3382 liberabit,
1343 3301 1476 3327 ’ἢ
1935 3347 1937 3353 .
2153 3297 2323 3327 ''⁶⁵’'

352 3401 401 3476 Et
416 3423 482 3471 nos
496 3413 671 3491 proteget,
698 3413 731 3469 et
750 3400 874 3488 procul
890 3401 1027 3488 fugabit
1410 3398 1444 3476 19
1458 3413 1523 3472 opp.
1539 3396 1597 3452 B²¹·
1611 3395 1643 3455 T·
1652 3395 1686 3453 V·
1700 3397 1788 3472 pato
1800 3419 1863 3474 sqq.
1877 3410 1904 3458 et
1918 3399 1992 3476 apud
2005 3399 2087 3458 vine.
2103 3399 2183 3474 pt&
2288 3493 2290 3501 ,

353 3501 997 3694 trituratus:sats
1537 3559 1959 3736 aarum·
1986 3557 2133 3634 oe
2156 3559 2329 3635 tem-

351 3707 448 3882 {¹⁸3⁰
464 3730 586 3825 onim
598 3702 926 3874 Dommumltlelum
945 3717 1078 3824 uinele’
1413 3777 1561 3854 Praecipit
1574 3789 1606 3837 ut
1621 3797 1766 3858 amemus,
1790 3792 1820 3841 et
1833 3801 1946 3841 summa
1960 3799 2030 3842 cura
2043 3801 2150 3842 ornare
2162 3783 2328 3850 studeamus

389 3835 442 3927 Ψ
461 3833 574 3926 prema
591 3821 828 3926 e⁵l⁸³ll¹⁰nl¹⁰
872 3831 941 3924 ¹¹¹¹?
960 3821 1095 3924 umere'
1383 3860 1544 3920 Ecclesiam
1566 3863 1688 3940 Christi,
1721 3865 1859 3942 horest,
1892 3877 1923 3927 ct
1944 3869 2066 3926 verbum
2085 3869 2158 3944 Dei,
2187 3880 2219 3928 et
2238 3871 2329 3948 ipsum

354 3911 634 4002 Qu¹squ¹⁸f¹¹¹⁵⁸³
652 3905 718 3976 ΠΗ
734 3911 834 4027 filesta
860 3910 1025 4000 ⁶⁰l¹lll¹¹⁰2
1057 3985 1060 3990 .
1385 3947 1534 4024 publicum
1563 3948 1771 4026 ministerium,
1814 3961 1845 4010 et
1866 3953 1946 4012 iubet
1966 3952 2051 4010 huius
2072 3953 2225 4012 ministerii
2246 3971 2329 4012 causa

353 4011 390 4082 ls
406 4015 548 4082 demum
563 4033 683 4101 sapere
699 4025 832 4100 optume
846 4021 897 4080 est
911 4012 1100 4102 putandus.
1385 4029 1503 4090 toruter
1534 4031 1671 4109 perterre
1694 4051 1863 4112 aerumnas,
1901 4047 1933 4097 et
1953 4036 2112 4117 pollicetur
2132 4037 2283 4099 Ecclesiae
2300 4037 2328 4098 iu

567 4145 569 4150 .
1386 4115 1524 4192 periculis
1547 4117 1688 4176 auxilium
1709 4119 1777 4178 Dei.

717 4317 720 4328 ,
1172 4280 1178 4306 t
1275 4245 1279 4256 ⁴
1345 4247 1454 4322 Nulla
1469 4251 1614 4335 domus,
1640 4254 1802 4324 nonulla
1816 4251 1906 4325 mihi
1921 4255 2114 4328 iucundior
2127 4261 2214 4330 urbs
2228 4275 2288 4342 est.

320 4348 461 4420 Nost.
585 4433 588 4440 Ι
896 4361 899 4366 “
1105 4352 1170 4434 (aa.
1187 4354 1296 4437 1527.)
1398 4351 1572 4441 Quamvis
1588 4351 1747 4444 ingentes
1761 4359 1990 4430 accumularit
2007 4383 2110 4450 opes:

313 4445 487 4474 Μ
1116 4443 1288 4472 Μ
1347 4453 1465 4544 Quam
1479 4455 1602 4545 templi
1617 4471 1700 4528 sunt
1716 4471 1804 4528 tecta
1820 4460 1891 4545 tui,
1917 4475 2016 4552 pater
2030 4462 2163 4552 optime
2178 4487 2310 4550 rerum,

377 4549 409 4603 ¹⁰
423 4565 486 4619 ⁰t‘t·
500 4545 560 4650 Bas,
578 4543 611 4604 Τ·
622 4545 654 4598 V·
671 4541 767 4617 tem·
781 4551 808 4597 ⁸²
819 4544 890 4616 apud
906 4543 987 4603 vtae.
1004 4546 1082 4618 effi·
1397 4555 1441 4627 ln
1457 4581 1528 4648 quo
1542 4558 1724 4628 doctrinae
1739 4584 1807 4628 vox
1821 4576 1925 4632 sonat
1939 4563 2013 4653 ipsa
2029 4574 2123 4636 tuae.

310 4710 449 4780 psalm·
458 4709 655 4780 Halm,
679 4707 817 4794 „Dm
831 4709 992 4778 mm„
1000 4703 1218 4806 ‘'WW‘„
1229 4713 1295 4783 eto·
1347 4656 1452 4728 Hanc
1468 4683 1582 4728 arcem
1595 4673 1671 4730 toto
1689 4663 1885 4783 qenerabor
1899 4681 2039 4756 pectore
2051 4686 2202 4758 semper,
2224 4693 2228 4698 ’

500 4779 505 4794 ’
1400 4759 1481 4849 Qua
1495 4785 1570 4848 non
1586 4776 1637 4834 est
1650 4786 1771 4833 animo
1785 4759 1928 4838 charior
1942 4767 2014 4837 ulla
2030 4791 2122 4841 meo.

313 4854 390 4926 Stat
403 4855 499 4925 Deus
516 4853 553 4922 in
570 4853 687 4922 media
702 4853 825 4938 turba,
852 4867 1023 4948 coetuque
1037 4851 1205 4944 Deorum,
1349 4859 1428 4956 lpse
1443 4875 1521 4932 tuas
1536 4887 1613 4932 aras
1627 4865 1723 4938 iestis
1739 4868 1874 4938 ornabo
1890 4867 2044 4948 coronis,

364 4955 604 5048 Terribilique
620 4956 707 5024 alios
722 4955 881 5046 increpat
896 4981 957 5025 ore
973 4957 1080 5026 Deos.
1362 4981 1368 4988 ·
1401 4960 1520 5058 Atque
1534 4965 1613 5034 illas
1627 4966 1721 5036 iusto
1738 4992 1874 5059 semper
1888 4963 2025 5041 honore
2040 4971 2166 5041 colam.

311 5057 476 5148 Nunquis
490 5058 555 5125 erit
571 5059 713 5126 tandem
729 5059 898 5128 scelerum
915 5057 1064 5126 modus?
1089 5061 1210 5132 omnia
1220 5062 1297 5134 iura
1349 5064 1467 5158 thue
1482 5068 1555 5136 suis
1567 5066 1714 5138 timidae
1729 5071 1826 5140 nidis
1839 5075 1992 5160 gaudere
2005 5074 2179 5158 volucres,

363 5155 543 5248 Oppressa
559 5183 578 5226 a
596 5160 696 5228 vobis
710 5157 816 5251 vique
833 5159 985 5252 doloque
1000 5159 1126 5232 iacent.
1400 5165 1501 5256 Quos
1514 5167 1583 5238 sibi
1599 5193 1758 5264 quaeque
1773 5195 1836 5242 sua
1851 5175 2014 5244 condidit
2027 5189 2120 5262 arte,
2143 5174 2276 5246 solent:

312 5260 374 5332 Nil
392 5261 429 5328 in
446 5259 587 5326 iudiciis
603 5261 720 5350 inopis
736 5260 828 5327 valet
843 5262 976 5351 optima
993 5285 1109 5349 carisa,
1349 5265 1392 5339 ln
1411 5269 1541 5362 quibus
1556 5284 1592 5342 et
1606 5287 1753 5360 possunt
1766 5267 1884 5346 hostes
1900 5289 2126 5348 contemnere
2140 5289 2246 5367 tutae,

366 5359 491 5434 Gratia
507 5360 566 5428 sed
586 5371 721 5429 tautum
738 5361 859 5431 divitis
872 5361 931 5432 illa
946 5362 1046 5453 regit.
1397 5367 1447 5443 Et
1459 5371 1577 5465 pullos
1590 5373 1688 5446 dulci
1704 5389 1816 5446 mater
1830 5399 1949 5448 amore
1963 5379 2075 5452 toves:

570 5517 591 5558 Ρ
