4884 5950
143 144 241 260 on
374 137 379 148 ’
487 265 489 270 ,
596 175 908 275 auuoouta
963 163 1319 256 eruamus
1370 175 1725 259 concinnus.
2087 183 2166 261 soc

121 356 254 449 'gignit
267 354 457 448 imaginem
475 355 549 442 sui,
573 355 794 447 genitarero
812 353 929 444 imago
945 351 1132 444 cogitatio·
1182 351 1332 423 alicuius
1358 347 1529 424 historiae
1559 353 1691 426 iactum
1716 365 1876 431 tractare.
1928 351 2160 454 ltaque'cum

140 483 186 528 ne
202 452 386 557 ldyocest.
437 457 572 552 Estque
587 459 721 550 integra
735 455 851 528 Patris
865 457 995 547 imago.
1044 453 1132 526 Cre·
1183 469 1448 551 praeceptorum
1472 451 1678 526 authoritati
1687 512 1698 542 ,
1723 451 1787 526 hac
1810 457 1849 528 iu
1870 479 1907 528 re
1927 451 2078 530 libenter
2091 461 2161 530 du-

141 565 189 631 do
221 575 314 632 recte
343 555 430 631 haec
460 561 541 630 dici.
611 559 682 632 Sed
709 559 760 629 sie
783 558 990 628 nominatur
1013 549 1132 655 λόγος,
1182 556 1293 626 serim
1309 581 1382 626 esse
1397 560 1735 649 obtemperandum,
1760 565 1873 650 spero·
1883 583 1946 632 vos
1963 561 2054 632 boni
2074 586 2161 632 con·

139 677 279 734 tanturn
301 675 460 755 respectu
480 662 602 754 patris.
659 659 889 732 Narrationes
913 659 952 728 iu
974 654 1133 730 Iohanne
1183 660 1338 729 ruituros
1360 661 1514 728 cilicium
1536 683 1674 743 meum,
1701 663 1796 752 quod
1814 675 1854 730 ut
1876 662 2029 749 iacietis,
2055 664 2159 734 etiam

140 765 342 855 significant
361 757 475 864 λόγον
494 763 565 834 clici
580 775 741 855 respectu
760 775 1000 833 creaturarum
1018 773 1134 830 ctuo-
1185 755 1411 852 vehementer
1437 783 1537 848 rupo.
1594 757 1758 830 Breviter
1778 761 1874 830 enim
1903 758 2040 848 dicam,
2072 765 2161 861 quid
2251 824 2256 834 ,

140 867 227 947 stri,
250 865 332 960 quia
349 867 442 936 filius
464 866 514 934 sic
528 864 634 934 nobis
650 865 841 956 patefactus
858 878 930 946 est,
955 864 1052 956 quod
1069 881 1133 953 per
1184 858 1275 958 milti
1300 857 1462 932 videatur
1483 867 1527 932 de
1550 863 1640 931 iacto
1664 859 1708 937 D.
1731 855 1952 953 Laurentii,
1981 865 2045 964 qni
2068 875 2173 953 cunu'

140 993 225 1038 etam
243 966 348 1038 Pater
369 968 457 1038 dicit
473 969 652 1034 decretum
677 977 840 1035 ettotam
857 963 1019 1034 ordinem
1036 984 1134 1058 crea-
1183 979 1224 1034 ut
1245 964 1360 1046 scitis,
1386 963 1522 1035 Romae
1546 978 1719 1055 praeesset
1743 966 1879 1034 aerario
1902 961 2161 1050 Ecclesiastico,

140 1071 251 1142 tionis
266 1084 301 1138 et
316 1061 770 1160 reparationishominnmi
795 1081 830 1136 et
843 1068 939 1159 quod
954 1063 1039 1134 haec
1054 1087 1134 1154 per-
1185 1066 1301 1134 noluit
1317 1061 1499 1134 thesauros
1521 1079 1555 1134 et
1578 1067 1670 1134 bona
1692 1063 1869 1137 Ecclesiae
1888 1063 2097 1160 imperatori
2121 1074 2176 1141 eas

143 1197 228 1243 tuna
262 1172 435 1256 mittitur,
472 1183 513 1238 ut
541 1167 695 1258 proferat
718 1164 954 1266 Evangelium
982 1191 1024 1235 ex
1052 1166 1133 1234 sinu
1184 1168 1316 1260 petenti
1334 1170 1377 1234 ad
1397 1161 1600 1259 prophanus
1614 1191 1700 1237 ustts
1714 1171 1847 1248 cedere.
1886 1165 2172 1264 Acmihiprae-'

141 1271 276 1344 aeterni
302 1269 429 1364 patris,
469 1283 652 1342 conservet
673 1268 910 1338 ministerium
934 1261 1133 1362 Evangelii,
1185 1269 1277 1338 clare
1294 1269 1434 1340 videtur
1450 1269 1570 1338 fecisse
1588 1268 1820 1350 bertrandus,
1838 1275 1933 1364 quod
1955 1269 2163 1362 imperatori

142 1373 603 1448 etdicensconsulationem
618 1367 657 1440 in
670 1356 995 1453 cordibusnostris,
1015 1382 1145 1438 osten-.
1186 1369 1250 1440 ista
1268 1371 1361 1440 hona
1377 1370 1530 1460 negavit.
1584 1367 1759 1460 iniustum
1781 1373 1877 1440 enim
1900 1387 1951 1444 est
1974 1373 2166 1446 cuiuscun-

142 1479 203 1549 dat
216 1487 373 1570 patrem,
398 1473 549 1544 vivificet
563 1495 647 1558 nos,
667 1485 706 1546 ct
720 1491 787 1541 nos
801 1473 872 1542 sibi
887 1470 1072 1570 assimilet,
1095 1481 1136 1538 ut
1186 1473 1321 1566 qtte‘rei
1338 1473 1537 1542 dominium
1552 1474 1595 1540 ad
1611 1471 1761 1543 iniustos
1782 1465 1948 1544 dominos
1965 1477 2170 1571 transferre..

142 1579 350 1651 restituatur
376 1577 491 1667 imago
517 1576 588 1647 Dei
615 1575 655 1645 in
677 1573 801 1648 nohis.
867 1572 966 1644 Haec
985 1569 1135 1664 ‘proprie
1186 1571 1271 1646 Erat
1288 1589 1405 1644 autem
1422 1574 1488 1644 ista
1506 1573 1653 1664 pecunia
1670 1570 1969 1670 Ecclesiae‚quae
1985 1602 2060 1648 eam
2077 1571 2165 1650 con·

142 1683 235 1752 liunt
259 1703 324 1774 per
346 1675 438 1750 hanc
467 1699 674 1769 personam,
706 1697 796 1770 quae
817 1689 870 1746 est
894 1666 1020 1769 λόγος,
1046 1695 1135 1764 qnae
1186 1689 1337 1769 gesserat
1365 1675 1408 1744 ad
1434 1675 1647 1745 necessarios
1668 1699 1752 1746 usus
1775 1701 1970 1770 pauperum
1994 1692 2030 1751 et
2054 1670 2172 1754 mini-¹

25 1834 29 1848 .
142 1799 233 1856 tune
255 1795 289 1852 et
310 1781 438 1874 spiritu
460 1778 713 1850 sunlaetitinm
734 1789 769 1847 et
781 1791 899 1846 motus
914 1776 952 1844 in
967 1775 1136 1844 cordibus
1186 1785 1361 1864 eteorum,
1381 1777 1443 1872 qui
1461 1779 1787 1874 proponebantpiis
1801 1805 1918 1849 veram
1933 1781 1980 1850 'de
1992 1768 2194 1872 religioue¹'
2230 1796 2231 1802 ’

143 1883 318 1956 accendit.
359 1879 471 1952 'Haec
492 1871 653 1951 doctrina
675 1880 721 1949 de
741 1867 978 1970 appellatione
990 1879 1061 1946 rori
1075 1867 1135 1945 td·
1186 1881 1398 1954 doctrinam.
1457 1879 1565 1950 Nulla
1593 1880 1702 1968 igitur
1725 1882 1814 1952 iusta
1839 1905 1942 1952 carata
1969 1881 2179 1975 lmperator·

142 2011 217 2087 γον
235 1999 435 2056 reverenter
449 1999 483 2054 et
496 1973 558 2076 pie
572 1981 843 2072 cogitanda-est,
867 1977 1071 2054 etorandus
1085 1987 1136 2048 est
1187 2007 1263 2056 eam
1285 1982 1473 2078 pecuniam
1495 1983 1693 2074 poposcisse
1717 1981 1874 2066 videtur,
1900 2009 1980 2054 cum
2005 1985 2163 2073 alienum

143 2092 238 2182 ipse,
263 2088 532 2158 utnusduceat·
672 2107 676 2115 ·
729 2087 742 2125 '¹
1187 2083 1414 2179 appetiverit,
1435 2082 1473 2152 in
1496 2109 1567 2176 quo
1585 2083 1659 2173 ipse
1674 2079 1767 2152 nihil
1785 2079 1938 2157 hahebat
1954 2086 2061 2171 iuris,
2086 2111 2163 2158 non

143 2242 147 2258 .
246 2187 384 2260 Deinde
406 2201 441 2258 et
456 2178 525 2258 hoc
537 2187 798 2271 consideretur,
824 2207 934 2280 qttare
956 2175 1137 2274 hicrldyoc
1186 2188 1296 2279 magis
1313 2204 1419 2281 qtaam
1437 2186 1466 2256 si
1482 2187 1616 2277 praedo
1642 2185 1680 2254 iu
1693 2184 1827 2256 alienas
1848 2187 2162 2281 laenitatesimpe.¹

144 2291 381 2384 adsumpserit
400 2285 593 2360 humanam
617 2302 798 2372 naturam,
822 2310 899 2358 non
914 2287 1135 2371 Pater„non
1186 2306 1264 2364 tum
1289 2289 1405 2360 iaciat.
1463 2287 1548 2358 Fuit
1569 2299 1686 2356 autem
1710 2288 1865 2360 atrocior
1886 2289 2034 2375 iniuria,
2067 2293 2171 2386 quod

146 2394 304 2488 Spiritus
328 2404 478 2463 sanetus.
534 2383 758 2462 'Athanasius
772 2389 836 2460 ait:
863 2389 946 2484 quia
962 2411 1136 2477 congrue·
1186 2387 1548 2482 Ecclesiamspoliare
1564 2387 1695 2471 voluit,
1721 2392 2013 2484 quaepraecipue
2027 2390 2164 2483 indiget

108 2559 109 2564 ,
145 2493 208 2568 bat
223 2492 316 2565 hauc
333 2483 537 2588 personam,
558 2512 649 2586 quse
669 2490 810 2584 proprie
824 2505 875 2560 est
890 2491 1136 2581 imago-acter-
1187 2491 1406 2586 sumptibus,
1433 2489 1478 2561 ad
1495 2487 1640 2560 ale'ndos
1657 2490 1844 2584 paiiperes,
1870 2506 1904 2562 et
1918 2493 2080 2584 publicos
2095 2495 2166 2564 mi-

144 2599 186 2670 ui
202 2591 334 2682 Patris,
368 2597 553 2666 adsumere
576 2587 768 2664 humanam
788 2605 968 2676 naturam,
1001 2591 1136 2661 cumin
1187 2598 1336 2680 nistros,
1364 2583 1753 2688 quorumvo'cevcmm
1779 2608 1811 2680 et
1834 2593 1983 2668 maxime
2005 2613 2169 2666 necessa-⁸

145 2701 252 2772 uobis
273 2697 491 2769 restituenda
513 2695 558 2766 sit
580 2693 695 2785 imago
722 2695 804 2766 Dei.
862 2691 990 2786 Cogito
1010 2707 1044 2764 et
1068 2687 1136 2762 hoc
1186 2699 1280 2770 riurn
1306 2719 1417 2788 genus
1438 2695 1619 2765 doctrinae
1640 2695 1684 2764 de
1700 2688 1765 2762 Dei
1788 2719 1868 2784 erga
1890 2719 1954 2766 noe
1971 2697 2164 2792 voluntate,

145 2823 359 2892 congruere,
390 2813 431 2870 ut
450 2823 489 2868 ea
511 2819 661 2892 persona
682 2799 842 2868 adsumat
860 2791 1052 2865 humanam
1070 2817 1136 2864 na·
1186 2815 1221 2872 et
1246 2797 1397 2890 gratuita
1425 2797 1682 2888 acceptatione,
1717 2798 1762 2864 ad
1784 2821 1848 2866 nos
1874 2799 2059 2887 perfertur.
2111 2796 2175 2897 dc,

145 2921 281 2982 rsuram.
316 2923 406 2995 quae
430 2913 481 2971 est
505 2899 737 2970 monstrante
747 2895 821 2971 Dei.
873 2895 998 2968 senno
1018 2909 1147 2965 arctam
1185 2903 1270 2972 tecit
1286 2901 1321 2970 id
1342 2897 1553 2992 inperator,
1579 2898 1679 2967 cuius
1703 2899 1891 2998 praecipua
1911 2923 1994 2970 eura
2015 2893 2177 3003 essedo,-¹

144 3017 318 3076 monstrat
332 3003 488 3096 aliquid,
515 3023 598 3087 ergo
613 3013 649 3072 et
668 3023 730 3091 per
743 2999 876 3069 Filium
890 2999 1066 3090 prolatum
1085 3013 1136 3068 est
1186 3004 1293 3075 bebat
1316 3001 1491 3071 iuvandae
1523 2993 1559 3069 et
1590 2999 1771 3068 ornandae
1793 2995 1979 3075 Ecclesiae.
2042 2999 2176 3102 ltpque¹

144 3105 401 3196 livingettum,
424 3118 459 3175 et
472 3115 512 3174 ut
526 3103 636 3172 verbo
649 3101 785 3172 conditi
800 3123 941 3186 sumus,
964 3101 1012 3170 ita
1027 3101 1134 3168 verbo
1187 3097 1338 3196 prorsus'
1347 3103 1412 3174 init
1428 3103 1466 3198 in
1483 3125 1523 3171 eo
1540 3101 1774 3184 intolerabilis
1784 3101 1932 3186 iniuria,
1958 3106 2053 3197 qnod
2069 3103 2166 3176 bona
2228 3163 2231 3170 .

144 3203 270 3282 rur‘strs
299 3205 539 3290 vivificamur,
570 3205 661 3275 sicul
688 3217 723 3274 el
749 3201 788 3272 in
811 3201 954 3274 Psalmo
986 3201 1135 3273 dieitur:
1187 3201 1365 3282 Ecclesiae
1388 3201 1598 3294 intercipere
1620 3203 1745 3277 voluit.
1798 3203 1879 3274 Non
1902 3203 2031 3276 iniuria
2056 3205 2166 3296 igitur

144 3311 250 3384 Misit
268 3299 417 3386 verbum
432 3329 556 3392 suum,
581 3317 615 3378 et
628 3304 768 3378 sanavit
783 3321 854 3380 eo's.
906 3301 958 3374 lta
975 3301 1135 3390 sciamus,
1186 3305 1231 3383 D.
1247 3307 1459 3380 Laurentius
1475 3329 1511 3376 se
1528 3307 1562 3376 ei
1578 3305 1755 3398 opposuit.
1796 3303 1888 3376 Nam
1906 3305 1944 3378 in
1968 3295 2176 3392 manifestis⁸

145 3409 241 3484 hane
262 3399 450 3504 personam
471 3407 759 3484 incredentibus
780 3429 854 3476 non
878 3429 952 3476 esse
971 3406 1135 3491 otiosam,
1163 3459 1164 3464 ,
1186 3409 1347 3493 iniuriis,
1373 3407 1593 3495 magistratui
1611 3432 1684 3478 non
1703 3407 1982 3496 indulgendum,
2004 3434 2164 3506 praeser-

145 3517 207 3588 sed
225 3535 306 3584 vere
322 3524 540 3604 praesentem
554 3523 589 3582 et
604 3509 759 3579 innubis
773 3509 946 3581 efficacem
961 3529 1036 3578 este
1048 3529 1135 3576 voce
1149 3593 1151 3598 ,
1185 3509 1250 3584 tim
1265 3509 1294 3580 si
1311 3509 1405 3580 salus
1420 3505 1597 3579 Ecclesiae
1609 3521 1642 3578 et
1656 3507 1767 3604 gloria
1779 3505 1847 3578 Dei
1862 3524 1994 3598 agatur.
2045 3509 2167 3600 Quare

143 3611 353 3706 Evangelii,
374 3621 409 3683 cl
430 3613 620 3683 accendere
641 3612 747 3680 corda
764 3609 901 3703 Spiritu
922 3630 986 3680 tuo
1002 3621 1135 3692 sancto,
1186 3627 1279 3687 recte
1295 3611 1414 3682 iecisse
1435 3607 1482 3680 D.
1497 3607 1729 3680 Laurentium
1756 3609 1894 3706 iudico,
1920 3613 2016 3704 quod
2038 3611 2077 3682 iu
2097 3600 2176 3686 hac¹

144 3735 187 3790 nt
219 3732 337 3787 motus
364 3709 521 3784 habeant
551 3723 785 3803 congruentes
809 3711 880 3780 luci
904 3725 938 3784 et
960 3709 1134 3800 agnitioni
1185 3739 1223 3786 re
1240 3712 1744 3807 Imperatorlestadversatus.
1797 3709 1905 3800 Quod
1929 3737 2009 3782 cum
2034 3712 2083 3784 ita
2105 3707 2163 3798 sit,

143 3821 225 3894 Det.
260 3811 662 3910 haemorroissam
684 3808 1135 3885 hacciaminhacbrevi-
1185 3817 1288 3886 iacile
1309 3813 1461 3905 intelligi
1482 3823 1616 3907 potest,
1651 3835 1722 3906 qno
1745 3812 1926 3884 inscelere
1944 3814 2163 3886 sintnustris

143 3937 215 3996 tate
235 3919 402 4012 temporis
423 3917 598 4010 copiosius
615 3915 766 4010 erponi,
791 3911 852 3984 sed
868 3924 904 3986 et
916 3937 1020 4006 saepe
1034 3937 1134 4006 repe·
1185 3917 1405 4010 temporibus
1438 3915 1536 3985 avari
1565 3913 1763 4007 pontifices,
1789 3915 1969 4002 canonici,
2001 3930 2034 3987 et
2061 3917 2162 3986 simi·
2198 3971 2202 3976 .

144 4026 252 4099 lenda
276 4035 360 4093 *ΠΜ
384 4019 630 4111 willalmi
649 4033 686 4091 ‘l
706 4017 778 4088 ⁸¹30
799 4029 957 4109 tempore
980 4013 1134 4104 longiori
1185 4021 1254 4105 les,
1279 4019 1438 4114 quinon
1462 4017 1577 4088 solnm
1601 4010 1695 4084 hona
1718 4009 1957 4086 Ecclesiarum
1980 4019 2081 4090 adse
2104 4045 2164 4090 ra-

144 4127 309 4199 oratione
329 4122 540 4194 illustranda
557 4133 650 4192 sunt.
700 4118 806 4192 Nunc
819 4133 897 4190 toto
914 4133 1053 4211 pectore
1070 4139 1134 4186 uro
1185 4121 1308 4215 piunt,
1329 4121 1391 4191 sed
1409 4119 1514 4191 etiarn
1531 4117 1576 4190 de
1597 4117 1641 4188 iis
1656 4117 1857 4209 turpissime
1871 4117 2083 4206 heluantnr,
2105 4146 2165 4192 ea-

141 4231 261 4324 ipsum
276 4225 390 4297 filium
405 4222 491 4303 Dei,
518 4222 712 4296 Dominum
727 4221 890 4292 nostrum
902 4219 1015 4290 lesum
1028 4214 1135 4290 Ghri·
1185 4239 1254 4318 que
1283 4223 1472 4293 conserunt
1502 4245 1578 4290 nou
1607 4221 1654 4289 ad
1679 4213 1881 4311 piophanos
1905 4245 1990 4294 usus
2016 4236 2165 4312 tantum,

143 4349 257 4416 stum,
288 4325 351 4420 qui
370 4327 436 4398 ait:
468 4321 546 4416 Ego
568 4348 646 4396 sum
668 4325 770 4409 vitis,
802 4347 864 4394 vos
885 4323 1070 4414 palmites,
1093 4333 1135 4390 ut
1185 4324 1369 4406 sedetiam
1394 4325 1437 4393 ad
1451 4322 1643 4393 delendum
1659 4333 1693 4391 et
1708 4323 1982 4414 opprimendum
2000 4319 2178 4419 Evange7

144 4457 213 4508 nos
243 4423 385 4515 doceat,
420 4441 454 4499 et
481 4450 545 4498 sua
565 4427 643 4498 luce
666 4426 772 4496 iaciat
792 4449 858 4496 nos
880 4425 1042 4518 palmites
1066 4421 1133 4516 ipsi
1186 4421 1287 4498 lium.
1338 4421 1386 4498 Et
1401 4423 1590 4495 crudeliter
1603 4423 1736 4494 iaciunt
1752 4423 1930 4508 centauri,
1956 4427 2019 4518 qui
2036 4449 2161 4499 mantas

143 4535 324 4632 placentes
340 4533 375 4601 et
391 4531 529 4603 uberes.
580 4526 676 4603 Dixi.
1186 4529 1353 4599 iniiciunt
1368 4527 1498 4599 talibus
1513 4519 1692 4596 Ecclesiae
1709 4525 1833 4609 bonis,
1856 4551 1929 4594 non
1953 4525 1998 4596 ad
2021 4551 2058 4596 se
2081 4527 2162 4620 pe'r-

573 4621 577 4628 ’
1185 4631 1404 4717 tinentibus,
1428 4631 1523 4700 unde
1547 4651 1717 4720 pauperes
1738 4621 1937 4697 scholastici
1964 4627 2072 4720 etpii
2100 4654 2163 4721 pa·

1185 4722 1297 4822 stores
1322 4733 1365 4802 ad
1388 4731 1690 4804 conservationem
1711 4729 1900 4800 ministerii
1915 4727 1962 4798 ali
1975 4729 2165 4804 debebant·

151 4821 297 4900 iio-2⁸.
319 4875 324 4884 -
962 4843 1012 4888 ¹¹²·
1028 4821 1124 4890 15⁵4·
1185 4831 1263 4905 Hos
1286 4857 1367 4904 cum
1390 4834 1572 4928 patiantur
1592 4831 1746 4916 esurire,
1769 4843 1810 4902 ut
1832 4830 1898 4920 ipsi
1915 4827 2025 4902 suum
2038 4833 2162 4906 luxum

139 4917 314 4948 w
958 4909 1130 4943 w»
1187 4935 1368 5029 expleant,
1404 4935 1529 5029 procul
1557 4933 1668 5005 dubio
1697 4931 1792 5003 Deus
1824 4931 1910 5002 olim
1939 4935 2164 5025 gravissimas

382 5117 388 5131 Ι
427 5124 432 5137 ¹
609 5115 637 5133 ρ,
1178 5058 1317 5131 >poenas
1333 5031 1440 5108 huius
1455 5033 1655 5132 rapacitatis
1672 5035 1717 5104 ab
1732 5036 1781 5108 eis
1797 5033 1920 5123 exigel.

460 5124 686 5196 Gratiarum
712 5125 824 5226 nulio.
1254 5145 1260 5156 “
1287 5137 1358 5210 Sed
1378 5153 1418 5210 ut
1437 5139 1578 5211 veniam
1602 5137 1646 5206 ed
1670 5137 1864 5226 gratiarum
1880 5133 2075 5208 actionem:
2098 5132 2166 5206 Li-'

143 5229 364 5341 Priusquam
393 5238 681 5332 praeceptoribus
709 5251 745 5311 et
767 5239 954 5310 universae
982 5233 1136 5326 scholae,
1185 5241 1311 5312 beuter
1333 5235 1393 5312 hic
1415 5241 1586 5334 profiteor
1604 5262 1675 5310 una
1699 5261 1778 5308 cum
1802 5237 1890 5308 meis
1910 5237 2071 5328 collegis,
2095 5261 2162 5310 uos

142 5367 184 5424 ut
213 5369 292 5421 mos
320 5356 390 5425 est,
419 5341 548 5432 gratias
575 5361 695 5432 agam,
726 5341 842 5414 iussus
871 5363 951 5413 tum
979 5343 1137 5416 breviter
1183 5343 1379 5437 plurimum
1392 5343 1520 5414 debere
1535 5341 1824 5435 praeceptoribus
1837 5339 1986 5438 nostris,
2010 5333 2166 5434 quonam
2206 5393 2211 5402 -

195 5459 374 5525 Mensura.
393 5449 497 5514 Oeen.
524 5445 607 5512 voc.
623 5445 670 5513 X.
1469 5443 1517 5516 61
1545 5471 1553 5488 ‘

185 5005 188 5010 ’
206 5001 248 5090 ‘iu
262 4999 377 5088 Quaen.
390 4999 423 5054 ab
435 4991 527 5052 Ebero
540 4991 618 5049 editis
632 5009 662 5067 p.
673 4991 759 5054 theb:
768 5012 826 5070 ,w
