4888 5962
272 271 350 348 aaa
741 230 748 265 ¹
845 233 1289 337 ,uuaus‘rtonns
1323 228 1728 324 aususausus
2076 287 2080 294 .
2230 225 2328 306 ,aas

213 453 217 460 ·
259 498 263 504 ,
372 437 478 512 Nune
506 439 610 508 taum
634 424 809 501 iudicium
830 419 880 497 D.
899 415 1037 494 Ductor
1056 401 1265 493 Melcdior,
1320 407 1538 502 Sectasergo
1553 401 1587 482 et
1603 431 1717 482 novos
1733 407 1920 499 magistros
1936 397 2127 499 prohibuit
2142 397 2331 488 Christus,

261 545 359 622 -imic
380 538 560 615 auditorio
583 555 756 626 exponas,
780 539 815 598 et
836 522 945 596 simul
966 517 1150 599 ostersdas,
1175 537 1270 606 quo-
1320 537 1395 586 aron
1412 537 1545 585 nomeu
1559 512 1668 584 officii
1683 525 1718 582 et
1733 510 1922 583 ministerii
1941 509 2056 580 nostri
2075 508 2114 579 in
2128 503 2306 582 Ecclesia.

273 651 383 723 modo
407 641 493 714 lsaec
515 635 710 712 consolatlo
731 633 776 702 sd
798 650 863 702 uos
884 617 1183 698 accommodanda
1207 615 1270 686 ait:
1424 615 1526 688 Sicut
1548 615 1658 707 igitur
1679 637 1804 687 omnes
1831 635 1900 684 uos
1923 605 2120 685 Christiani
2149 609 2187 678 iu
2213 603 2334 682 Chri-

267 751 363 846 ,φὴ
386 745 450 821 etei
473 743 578 814 nobis
599 761 673 808 non
696 747 749 804 est
769 745 862 802 certa
886 727 987 796 sedes
1004 721 1193 814 promissa,
1218 731 1273 786 ta·-
1321 732 1417 790 stum
1440 719 1534 788 etin
1556 730 1708 789 mortem
1723 717 1800 790 eius
1821 713 2010 808 baptisati,
2031 736 2128 804 reges
2146 725 2334 784 sumerset

267 878 360 926 meu
377 871 487 942 genus
503 847 547 915 ad
572 863 638 912 uos
653 836 818 932 pertinet.
871 829 1019 920 Semper
1041 823 1136 894 euim
1154 830 1275 892 mouet
1324 821 1520 892 sacerdotes
1541 820 1579 887 in
1602 813 1764 892 Christo:
1807 818 1856 888 ita
1879 816 1994 911 aliqui
2024 815 2069 888 ab
2090 809 2251 890 Ecclesia
2275 815 2335 888 ed

268 953 350 1028 lior
380 955 573 1026 decretum:
609 937 805 1012 Generatio
830 944 1007 1004 rectorum
1034 923 1275 998 benedicetur,
1324 919 1392 994 hoc
1410 921 1524 992 rocati
1546 933 1581 990 ct
1603 920 1760 992 ordinati
1782 933 1868 992 suut
1889 917 2047 1010 magistri
2065 930 2099 988 et
2116 932 2273 1009 pastores
2289 929 2336 989 et

187 1087 190 1092 ¹
279 1025 411 1129 Surum
435 1050 531 1122 euim
554 1043 690 1128 catelli,
723 1038 785 1134 qui
808 1035 913 1106 micis
939 1043 1080 1124 patrum
1103 1027 1276 1097 immensa
1326 1028 1508 1106 doctores,
1534 1024 1574 1092 io
1597 1024 1661 1094 illo
1682 1023 1790 1094 unico
1812 1021 1987 1112 Magistro
2007 1014 2170 1106 Christo,
2200 1021 2238 1090 in
2259 1020 2335 1092 illo

271 1153 524 1234 misericordia
548 1143 616 1220 Dei
647 1146 805 1217 aluntur.
859 1135 1015 1226 ldeoque
1046 1151 1183 1216 semper
1211 1125 1278 1192 erit
1327 1128 1434 1198 unico
1452 1139 1591 1218 pastore
1605 1119 1768 1211 Christo,
1793 1123 1832 1194 in
1850 1125 1913 1194 illo
1932 1122 2041 1194 uuiro
2058 1124 2203 1192 doctore
2216 1116 2337 1194 Chri-

190 1273 194 1280 ’
274 1256 441 1340 Ecclesia
459 1255 498 1326 in
517 1252 579 1322 illa
597 1245 820 1342 posteritate,
845 1263 936 1333 quae
958 1234 1074 1306 studia
1090 1226 1277 1318 Evangelii
1327 1245 1402 1315 sto,
1427 1233 1565 1320 dequo
1591 1225 1695 1298 Pater
1718 1251 1760 1297 ex
1782 1227 1880 1296 coelo
1905 1225 2049 1296 clamat:
2076 1221 2147 1295 Hic
2163 1200 2336 1298 aethlius

273 1364 339 1456 ‚pie
361 1359 464 1432 tolet.
514 1350 560 1428 lit
585 1349 685 1420 dabit
716 1343 845 1415 alicubi
869 1337 967 1410 Dens
996 1361 1080 1406 sarae
1102 1329 1280 1403 Ecclesiae
1329 1353 1428 1400 meus
1462 1329 1633 1414 dilectus,
1666 1328 1707 1400 in
1740 1351 1812 1422 qrro
1848 1323 1938 1398 mihi
1975 1328 2068 1398 bene
2101 1329 2334 1420 complacuit,

279 1459 474 1539 mediocria
499 1450 664 1546 hospitia.
716 1445 815 1518 llaec
831 1446 926 1515 laona
950 1441 996 1510 ab
1018 1465 1059 1508 ro
1077 1457 1201 1504 ornasses
1222 1455 1279 1500 ar·
1330 1435 1447 1526 ipsum
1465 1433 1598 1506 audite.
1635 1425 2129 1507 EtiuMoseromminatur:
2155 1431 2217 1524 qui
2234 1429 2342 1502 Pro-

277 1565 450 1640 dentibus
473 1557 565 1627 votis
581 1554 721 1624 assidue
739 1563 933 1645 patrimus..
962 1540 1036 1616 Nec
1058 1537 1138 1610 talis
1158 1533 1285 1630 petitio·
1330 1533 1471 1628 phetam
1486 1533 1588 1628 illum
1606 1555 1682 1602 nou
1695 1533 1866 1618 audierit,
1890 1555 1955 1620 ego
1973 1532 2072 1602 ultor
2085 1533 2243 1620 existam,
2268 1533 2338 1604 di·-

278 1663 483 1742 Ηῑῑῑηῑω,
533 1655 629 1732 Dixi,
1331 1637 1380 1708 cit
1400 1633 1589 1709 Dominus.
1640 1632 1718 1706 Hae
1741 1635 1879 1716 ratione
1901 1632 2034 1706 Paulus
2058 1635 2166 1720 dicit,
2191 1657 2229 1706 se
2251 1661 2339 1708 ma-

889 1735 890 1740 ’
1302 1769 1303 1772 “
1332 1742 1481 1832 gistrum
1506 1751 1541 1808 et
1564 1738 1746 1807 doctorem
1775 1735 1948 1829 gentium.
2007 1730 2110 1807 Nihil
2137 1739 2270 1808 veritus
2291 1762 2339 1808 se

286 1863 402 1936 Oroiiv
439 1859 485 1928 D·
515 1854 661 1922 ΜΗ·
699 1838 967 1934 Bopessdoyie·
994 1837 1185 1940 P‘m’fffmls
1220 1857 1284 1923 dmi
1333 1842 1451 1912 dicere
1470 1839 1607 1932 aliquid
1629 1852 1752 1920 contra
1773 1842 1922 1910 verhum
1938 1832 2092 1915 Christi:
2122 1837 2241 1912 Nolite
2262 1865 2337 1912 ro—

279 1941 539 2038 secit'lsiadero
565 1942 762 2026 potestatem
791 1925 968 2016 recipiendi
988 1923 1132 2010 insipiam
1154 1923 1283 1990 Docto·
1334 1944 1407 2016 „ri
1423 1940 1543 2014 ΒΜ
1558 1941 1633 2010 53„
1648 1937 1824 2030 154,ssme

282 2073 288 2080 ·
743 2037 829 2084 mm·
1409 2067 1414 2079 ·
1437 2044 1597 2114 Primum
1614 2041 1764 2113 audistis
1787 2047 1986 2138 exmnplum
2003 2043 2149 2131 Esaiae,
2175 2069 2213 2118 se
2235 2045 2338 2116 ultro

389 2155 741 2241 ChristusDominus
754 2165 875 2223 uoster
891 2149 989 2235 dicit,
1010 2139 1287 2246 RogateDomi-
1335 2146 1545 2238 ingerentis,
1571 2141 1865 2218 etDoruinieum
1882 2149 2067 2222 mittentis.
2112 2142 2340 2220 Deindehs-

285 2275 377 2350 uum
408 2265 552 2355 suessia,
593 2271 634 2332 ut
659 2257 823 2328 extrudat
849 2253 1031 2346 operarios
1065 2251 1107 2318 iu
1137 2269 1285 2316 messem
1335 2249 1427 2322 ueris
1444 2248 1552 2320 verba
1570 2245 1727 2344 Spiritus
1743 2249 1857 2323 saneti
1878 2251 1916 2324 iu
1933 2251 2064 2324 Paulo:
2091 2249 2167 2340 Qui
2183 2247 2337 2342 Episco-

285 2389 404 2452 'suam
456 2363 626 2441 Extrudit
641 2373 759 2430 autem
772 2353 869 2428 Deus
887 2353 1068 2448 operarios
1083 2352 1123 2444 in
1139 2371 1286 2418 messem
1337 2367 1458 2446 patum
1475 2349 1663 2432 desiderat,
1689 2349 1825 2422 honum
1842 2377 1933 2444 opus
1948 2353 2134 2424 desiderat.
2168 2345 2339 2426 EtChri·

286 2468 412 2561 ‘suaru,
438 2471 579 2543 duobus
602 2463 729 2532 modis.
781 2458 905 2528 Altero
931 2455 1114 2540 nolentes,
1138 2465 1178 2520 ut
1196 2448 1287 2518 lere·
1337 2466 1412 2525 stus
1436 2451 1511 2544 ipse
1526 2451 1629 2520 dicit:
1657 2447 1731 2540 Qui
1747 2451 1903 2526 voluerit
1924 2458 2098 2528 intervos
2115 2479 2191 2526 esse
2208 2453 2339 2534 maior,

286 2579 421 2658 ‘aniam
447 2573 509 2668 qui
525 2567 630 2639 dixit:
660 2557 719 2633 Ab
733 2558 889 2632 Domine
902 2557 1017 2638 Deus,
1043 2552 1289 2646 nescioxloqoi,
1338 2553 1526 2626 sit‘vesrer
1554 2553 1727 2626 inianter.
1778 2552 1862 2624 Nou
1892 2553 2060 2650 prohibet
2080 2555 2216 2632 Paulos
2243 2555 2339 2626 velle

295 2683 379 2780 quia
398 2695 573 2771 puerego
594 2691 693 2750 sum,
720 2661 768 2733 Et
789 2659 937 2745 Mosen,
952 2674 1027 2739 ,eto
1077 2658 1201 2728 Altero
1225 2681 1288 2723 ro·
1338 2658 1414 2728 fieri
1426 2652 1655 2748 Episcopum,
1679 2655 1753 2724 sive
1767 2656 2210 2754 appetereEpiscopatum,
2228 2659 2338 2728 modo

287 2790 426 2868 lentes,
456 2791 495 2848 ut
519 2771 679 2844 Esaiamt
716 2761 810 2835 Ecce
835 2763 954 2855 iuquit
984 2783 1067 2851 ego,
1096 2759 1197 2828 mitte
1223 2780 1290 2825 rrae.
1339 2761 1474 2830 bouum
1497 2757 1806 2852 opusdesiderer,
1837 2760 1970 2849 idest,
2002 2763 2161 2834 officium
2183 2759 2340 2832 docendi

289 2891 346 2964 Et
368 2883 458 2956 dixit
477 2873 654 2948 Dominus
677 2868 722 2937 ad
746 2891 848 2950 eum,
876 2863 995 2949 Vade,
1018 2877 1084 2935 etc.
1139 2860 1291 2951 luquo-
1339 2864 1433 2932 hona
1451 2859 1799 2930 conscientiacoram
1815 2858 1905 2948 Deo,
1930 2860 2341 2958 quemadmodumpau.

168 3025 171 3030 ·
289 3007 376 3064 'rum
392 2987 643 3056 numerosuut
665 2969 743 3052 isti,
769 2958 1290 3070 quipetuntascholanostra
1340 2962 1396 3036 lus
1410 2962 1498 3034 dicit
1513 2963 1627 3032 dese:
1654 2958 1736 3036 Nou
1751 2963 1992 3038 adulterantes
2009 2967 2159 3038 verbum
2173 2963 2255 3049 Dei,
2276 2965 2339 3034 sed

296 3077 650 3163 nonscnetoiiicium
668 3069 891 3142 Ductorisin
909 3061 1233 3154 sacra'l'lreologia.
1337 3091 1383 3136 ex
1413 3064 1633 3147 sinceritate,
1668 3089 1709 3134 ex
1732 3061 1826 3150 Deo,
1857 3091 1974 3142 corana
2000 3065 2097 3149 Deo,
2131 3069 2171 3138 iu
2194 3061 2341 3140 Christo

402 3181 553 3275 Quaerit
583 3174 731 3268 aliquis,
768 3197 855 3240 rrum
887 3165 955 3239 hoc
985 3167 1114 3238 liceat?
1148 3167 1292 3259 quaudo
1342 3167 1533 3260 loquiunrr.
1584 3162 1658 3236 Nec
1690 3166 1855 3258 displicet
1888 3165 2032 3246 Christo
2064 3169 2127 3240 illa
2163 3169 2343 3252 voluntas,

292 3291 463 3367 Christus
478 3282 580 3353 dicit:
601 3271 725 3348 Nolite
741 3271 860 3342 vocari
875 3269 1013 3354 Rahlsi,
1040 3269 1096 3336 vel
1113 3266 1294 3356 Magistri?
1343 3297 1412 3364 qua
1428 3269 1508 3361 quis
1524 3267 1563 3338 in
1580 3263 1737 3341 Ecclesia
1754 3269 1831 3348 vult
1854 3269 1929 3340 fieri
1945 3273 2080 3365 maior,
2104 3271 2230 3356 idest,
2255 3267 2345 3340 Mo-

295 3389 534 3485 liespondeo:
561 3381 661 3458 Licet
677 3375 749 3444 illis
762 3373 824 3467 qui
838 3395 952 3442 uuum
967 3370 1173 3460 magistrum
1186 3364 1292 3439 Chri·
1343 3373 1471 3462 gister,
1496 3368 1650 3454 Doctor,
1673 3366 1819 3452 Pastor,
1843 3372 1918 3446 sive
1940 3371 2185 3456 Praedicator,
2215 3372 2244 3444 si
2268 3372 2342 3440 ho-

300 3513 394 3569 stum
408 3497 626 3582 sequuntur,
648 3492 682 3548 et
697 3501 772 3546 nou
787 3475 914 3544 volunt
930 3477 1056 3570 docere
1072 3471 1168 3542 aliud
1186 3495 1293 3564 qararu
1345 3497 1431 3544 uum
1447 3495 1537 3562 opus
1553 3471 1748 3556 derideret,
1778 3473 1815 3544 id
1829 3488 1915 3560 est,
1926 3476 2162 3557 minimi-ium
2184 3473 2344 3568 quaerit,

297 3599 451 3668 serbum
477 3587 534 3660 sui
556 3579 714 3672 magistri
736 3573 878 3650 Christi
933 3573 1027 3665 Quia
1049 3569 1214 3646 Christus
1230 3575 1294 3642 ad·
1344 3589 1386 3646 ut
1406 3569 1570 3648 Christus
1589 3572 1708 3664 dicit,
1724 3573 1771 3648 sit
1791 3589 1905 3646 vester
1927 3577 2102 3654 minister.
2151 3575 2247 3648 llaec
2260 3575 2345 3646 dixi

299 3703 371 3772 dit:
392 3694 496 3768 Unus
511 3701 564 3758 cst
578 3685 673 3756 enim
691 3681 855 3770 rrsagister
873 3691 988 3756 vester
1003 3671 1178 3748 Christus.
1212 3673 1313 3744 Nou*
1346 3675 1438 3760 illis,
1470 3675 1533 3768 qui
1566 3673 1744 3762 obiiciunt
1775 3678 1882 3748 uobis
1913 3679 2022 3755 illud:
2066 3679 2190 3754 Nolite
2222 3680 2346 3750 vocari

240 3879 242 3884 ,
297 3805 436 3874 delient
449 3798 488 3863 in
503 3787 659 3860 Ecclesia
673 3788 800 3854 ducere
814 3781 874 3850 alii
891 3779 1068 3868 rraagistri,
1095 3778 1156 3846 alii
1172 3778 1295 3860 elucto-
1346 3775 1484 3850 Rabiri:
1520 3775 1593 3845 uon
1627 3780 1849 3849 attendentes
1878 3783 2027 3853 verbum
2054 3778 2213 3866 Christi,
2244 3785 2344 3875 quud

300 3929 379 3983 res,
412 3897 475 3967 alii
501 3907 675 3985 pastores,
708 3899 805 3956 estre
828 3879 1031 3961 Chelonen,
1066 3880 1163 3950 alind
1189 3903 1295 3971 quam
1347 3879 1524 3973 sequitur:
1554 3877 1653 3950 Unus
1670 3891 1720 3948 cst
1737 3882 1832 3950 euim
1850 3883 2017 3974 magister
2032 3900 2148 3956 vester
2165 3880 2343 3958 Christus.

300 4004 467 4077 Christus
489 4000 611 4074 docet,
642 4005 703 4058 aut
724 3987 823 4058 aliud
846 3987 889 4053 ad
917 3982 1066 4053 salutem
1098 3979 1297 4065 huminum,
1348 3981 1472 4075 Neque
1488 3981 1609 4050 vident
1632 3981 1781 4050 studiosi
1798 3985 2055 4071 contentionis,
2081 3989 2178 4080 quod
2199 4011 2346 4080 praece-

302 4129 412 4202 quem
436 4100 550 4172 solum
565 4088 769 4169 Christum,
797 4085 858 4178 qui
877 4111 940 4176 pro
965 4083 1070 4154 nohis
1086 4084 1178 4175 patri
1194 4082 1297 4152 ¹nicti-
1350 4086 1403 4153 dit
1425 4085 1462 4152 in
1479 4083 1597 4154 rerhis
1611 4077 1760 4154 Christi:
1786 4082 1906 4156 Nolite
1926 4087 2081 4182 aliquem
2100 4090 2204 4160 vohis
2219 4115 2347 4160 rorare

303 4233 365 4280 ma
388 4207 501 4272 iactus
520 4209 584 4270 est.
642 4191 750 4262 sotus
771 4183 935 4260 Christus
961 4199 1014 4256 est
1036 4187 1236 4256 andiendus
1259 4184 1298 4252 iu
1349 4197 1484 4277 patrem
1507 4200 1786 4276 superterram,
1810 4184 1912 4260 Unus
1935 4187 2347 4266 estenimPatervester

303 4305 486 4386 Ecclesia,
511 4312 546 4366 et
569 4319 644 4364 nou
666 4291 728 4360 alii
751 4287 927 4378 magistri,
951 4287 1014 4380 qui
1036 4287 1134 4356 alind
1157 4289 1299 4370 docent,
1349 4289 1388 4356 iu
1413 4285 1523 4368 coelo.
1575 4286 1713 4357 Stultus
1735 4279 1794 4358 hic
1816 4287 1943 4376 fueris,
1968 4291 1999 4360 si
2021 4295 2193 4364 exverbo
2209 4289 2346 4364 Christi

305 4403 607 4508 quemadmodum
631 4396 705 4484 ipse
720 4392 823 4462 dicit:
851 4390 925 4480 Qui
937 4413 1002 4460 vus
1019 4389 1139 4472 audit,
1163 4411 1220 4458 me
1235 4414 1300 4458 au·
1350 4389 1502 4476 disceris,
1533 4404 1667 4479 patrem
1690 4389 1753 4482 qui
1780 4403 1813 4460 te
1840 4391 1983 4480 genuit,
2015 4419 2089 4465 uon
2113 4420 2189 4467 esse
2211 4411 2348 4487 patrem

305 4517 388 4586 dit..
430 4507 491 4579 Sic
517 4499 722 4593 praedicant
747 4491 930 4586 Apostoli,
970 4503 1012 4562 ut
1036 4512 1111 4560 uon
1137 4485 1300 4560 laosniues
1350 4505 1471 4562 tuum:
1496 4491 1579 4584 quia
1605 4485 1673 4562 hoc
1693 4503 1745 4562 est
1768 4493 1953 4567 manifeste
1975 4509 2096 4568 contra
2118 4511 2347 4592 praeceptum

305 4609 465 4704 satagistri
482 4597 777 4683 auiliantur,sed
794 4595 959 4666 audiatur
974 4591 1014 4662 in
1029 4593 1080 4660 eis
1096 4591 1157 4662 ille
1173 4593 1301 4662 unicus
1351 4589 1436 4664 Dei:
1462 4589 1610 4661 Honora
1627 4600 1762 4684 patrem
1779 4607 1900 4680 tuum,
1925 4611 1990 4674 etc.

308 4717 476 4804 snagister
496 4702 672 4778 Christus.
724 4696 820 4768 llaec
840 4713 891 4766 est
913 4694 1027 4784 gloria
1042 4689 1220 4764 Ecclesiae
1234 4693 1300 4764 Dei
1455 4691 1555 4782 Quid
1577 4717 1667 4786 opus
1689 4707 1739 4766 est
1764 4697 1928 4788 pluribus
1945 4699 2063 4769 verbis
2080 4699 2119 4770 in
2135 4695 2205 4774 hae
2219 4727 2260 4774 re
2275 4719 2347 4776 tom

226 4859 231 4874 ,
306 4842 416 4906 ,uper
447 4830 597 4884 terram,
633 4803 728 4896 quod
759 4801 874 4890 ipsum
900 4792 1083 4866 Christum
1104 4793 1301 4866 Dominum
1352 4795 1562 4866 manifesta?
1594 4793 1800 4888 Deusipse,
1825 4799 2200 4895 utapriucipiodixi‚
2226 4820 2349 4878 extus·

310 4919 460 5009 gloriae,
481 4910 544 5005 qui
569 4908 666 4977 sedet
685 4904 728 4972 ad
751 4905 928 4970 «lesteram
945 4895 1079 4982 Patris,
1104 4895 1205 4966 audit
1221 4895 1303 4968 Ma·
1353 4899 1407 4970 dit
1422 4897 1508 4968 tales
1525 4899 1705 4991 operarios
1719 4897 1759 4968 iu
1773 4923 1921 4972 messem
1934 4927 2055 4991 susm,
2079 4906 2154 4978 sive
2174 4909 2351 4994 uolentes,

310 5022 460 5111 gistrum
484 5028 518 5084 ct
536 5009 726 5080 Ductorem
749 5004 786 5070 iu
805 5000 933 5068 sanctis
955 4998 1029 5068 suis
1050 4998 1303 5089 praedicatori·
1352 5014 1394 5071 ut
1416 4997 1620 5070 leremiam:
1653 5001 1729 5070 sive
1752 5002 1910 5074 volentes
1933 5019 1969 5078 et
1994 5008 2215 5098 postulantes
2238 5009 2350 5106 (quos

309 5126 380 5194 ime
401 5131 438 5188 et
451 5112 675 5193 doctoribus,
701 5105 762 5199 qui
780 5102 937 5172 officium
952 5114 987 5170 et
1008 5100 1168 5170 lahorem
1193 5100 1304 5170 susci-
1353 5103 1460 5172 etiarn
1489 5104 1534 5171 ad
1566 5097 1635 5173 lroc
1663 5103 1736 5192 agit
1758 5102 1914 5195 Spiritus
1936 5103 2083 5180 Domini
2132 5109 2351 5196 utEssism,

308 5227 470 5318 pientes,
503 5215 593 5282 liunt
620 5233 694 5280 raon
719 5203 855 5276 domiui
881 5202 1013 5286 nostri,
1044 5203 1105 5272 sed
1137 5203 1305 5287 ministri,
1354 5207 1658 5296 quemadmodum
1689 5201 1749 5276 hic
1786 5203 1953 5296 Magister
1976 5205 2064 5280 Mel
2108 5210 2168 5282 ior
2193 5215 2352 5307 postula

309 5318 612 5421 qrremadmodum
635 5307 800 5382 Christus
822 5305 939 5378 addit:
973 5303 1093 5374 Maior
1116 5304 1305 5390 intervos,
1354 5305 1502 5376 anobis
1525 5306 1670 5380 titulum
1697 5320 1732 5378 et
1759 5309 1908 5395 gradum
1920 5307 2095 5390 ‚Doctoris
2118 5309 2354 5409 Theologiae,

310 5431 355 5498 sit
373 5415 677 5496 restcrrrrinister.
711 5409 784 5498 Qui
800 5409 894 5477 euim
910 5403 1067 5498 seipsum
1083 5407 1223 5487 exaltat,
1239 5421 1304 5480 etc.
1353 5423 1447 5480 recte
1468 5407 1567 5480 facit:
1593 5409 1678 5504 quia
1700 5431 1777 5480 uou
1801 5409 1917 5482 solum
1942 5437 2076 5488 nomeu
2095 5419 2257 5514 quaerit,
2286 5423 2353 5494 sed
