4884 5950
140 221 219 308 998

523 401 730 470 'Secunda
777 460 781 472 .

246 518 463 640 Quicunque
488 545 600 636 igitur
613 545 751 617 venerit
773 545 812 614 in
829 539 1076 634 Academiam,
1101 561 1156 619 et¹

142 650 259 723 studia
285 673 346 720 sua
371 649 429 740 pie
453 648 643 719 instituere
669 648 783 733 volet,
808 647 964 738 primum
982 649 1133 739 cogitata

141 750 212 823 Dei
235 751 436 852 voluntate,
473 765 507 822 et
532 751 722 842 implorato
752 750 829 819 eius
860 751 1013 842 auxilio,
1049 777 1132 820 mox

131 844 328 927 'Rectorem
339 849 549 924 Academiae
561 851 727 934 accedat,
753 863 787 920 et
798 875 930 922 nomen
948 877 1051 924 suum
1069 877 1131 945 pe-

140 969 191 1027 tat
216 953 340 1026 referri
365 957 459 1026 inter
482 955 721 1041 studiosorum
738 955 905 1041 nomina,
931 967 964 1026 et
981 955 1132 1046 promit-

139 1069 193 1128 tat
206 1081 243 1127 sc
259 1058 396 1148 legibus
411 1056 543 1154 uostris
560 1057 885 1148 obtemperaturum
902 1079 987 1129 esse.
1034 1055 1128 1145 Quia

139 1183 206 1229 nec
220 1154 410 1230 honestum
426 1171 497 1244 est,
523 1181 588 1228 nec
603 1171 721 1229 tutum
737 1156 892 1248 Reipub.
907 1159 1027 1249 vagari
1044 1161 1132 1228 ado-

138 1261 365 1348 lescentiam,
385 1274 448 1332 aut
461 1261 556 1330 ullos
570 1256 733 1330 homines
751 1260 790 1328 in
803 1257 1024 1345 civitatibus,
1052 1262 1128 1330 sine

140 1364 246 1434 certis
260 1363 535 1452 magistratibus.
588 1359 637 1432 Et
651 1357 748 1431 Deus
763 1362 840 1430 vult
859 1365 986 1432 rudem
1014 1375 1048 1433 et
1072 1363 1130 1431 in-

139 1465 278 1535 firmam
294 1455 441 1535 aetatem
458 1464 533 1554 regi
548 1465 686 1560 legum,
711 1463 981 1552 magistratuum
1005 1478 1040 1534 et
1056 1466 1130 1548 ‚do-

140 1567 298 1638 centium
313 1566 528 1638 autoritate.‘
549 1564 683 1638 Rector
699 1577 815 1633 autem
833 1566 872 1634 in
888 1567 1045 1636 editione
1062 1591 1128 1636 no-

139 1669 269 1750 minis,
295 1670 325 1737 si
341 1669 422 1740 talis
438 1681 489 1738 est
503 1679 597 1738 aetas
612 1667 844 1737 adolescentis
859 1682 900 1736 ut
921 1668 966 1738 sit
989 1671 1020 1739 ei
1040 1691 1130 1760 opus

138 1770 308 1841 familiari
333 1784 582 1862 praeceptore,
612 1767 750 1836 iubebit
778 1789 860 1837 eum
888 1769 1130 1842 commendari

139 1873 247 1943 alicui
263 1897 303 1943 ex
321 1873 366 1941 iis
382 1872 445 1968 qui
459 1871 626 1964 priv'atim
641 1872 781 1942 docent.
894 1931 900 1938 .

437 2030 443 2048 ¹
561 2047 709 2117 Tertia.

189 2183 192 2190 ’
237 2191 430 2290 'Interdum
448 2177 553 2263 etiam
566 2188 607 2286 hi
628 2193 691 2286 qui
707 2193 852 2262 nomina
869 2215 932 2262 sua
948 2193 1041 2283 apud
1057 2189 1133 2264 Re·

139 2311 275 2368 ctorem
292 2295 499 2381 ediderunt,
519 2303 693 2387 vagantur
707 2295 785 2364 sine
802 2295 920 2364 studio
936 2293 1133 2378 literarum,

138 2423 207 2469 nec
222 2399 367 2484 docent,
393 2421 460 2468 nec
472 2397 618 2490 ,discunt
636 2391 802 2468 honestas
816 2411 925 2482 artes,
950 2419 1016 2488 nec
1039 2396 1134 2466 ullas

141 2500 398 2596 praelectiones
412 2497 573 2590 publicas
588 2499 751 2570 audiunt.

244 2621 351 2692 Tales
377 2622 407 2691 si
433 2615 645 2714 deprehensi
666 2607 818 2708 luerint,
841 2623 1026 2693 indicandi
1051 2636 1134 2693 sunt

140 2723 407 2818 magistratibus
437 2723 580 2818 oppidi,
606 2737 647 2794 ut
670 2725 784 2795 sciant
798 2750 858 2795 eos
876 2721 1032 2818 hospites
1048 2737 1133 2809 esse,

140 2829 278 2898 alienos
295 2827 339 2900 ab
358 2825 485 2898 ordine
508 2821 737 2910 scholastico,
759 2851 824 2898 nec
837 2827 1004 2898 fruentur
1019 2827 1133 2918 privi-

139 2929 243 3022 legiis
264 2923 496 3014 Academiae,
528 2941 590 3000 aut
616 2927 646 2996 si
672 2927 859 3003 infirmitas
891 2930 1035 3014 aetatis,
1072 2941 1134 2998 aut

140 3032 385 3115 contumacia,
416 3030 486 3100 alia
511 3029 658 3100 consilia
682 3031 896 3121 postulabit,
934 3057 976 3101 ex
995 3031 1134 3104 Acade-

140 3134 213 3205 mia
230 3147 265 3205 et
280 3133 414 3226 oppido
431 3133 610 3218 discedere
627 3148 809 3222 cogentur.
833 3119 843 3136 ’

560 3303 726 3385 Quarta.

244 3447 293 3524 Et
309 3453 476 3543 privatim
494 3465 528 3522 et
544 3454 686 3545 publice
702 3437 819 3547 prima
836 3466 929 3524 aetas
945 3451 1135 3542 diligenter

142 3557 257 3626 discat
274 3552 553 3625 Grammaticam
577 3555 745 3640 latinam,
771 3555 1008 3640 Dialecticen,
1034 3551 1134 3626 Rhe-

141 3658 278 3730 toricen
294 3671 328 3727 et
344 3679 518 3726 summam
535 3652 968 3739 doctrinaeChristianae,
992 3655 1134 3746 publice

142 3783 228 3829 vero
245 3758 445 3854 omnesqui
461 3771 647 3828 versantur
662 3759 700 3826 in
723 3757 849 3829 studiis
866 3752 1134 3848 philosophicis,

142 3862 293 3932 audiant
322 3857 387 3952 has
419 3859 672 3954 praelectiones
707 3861 745 3929 in
782 3859 911 3953 quibus
945 3860 1134 3930 traduntur

141 3960 331 4033 Elementa
346 3963 529 4033 doctrinae
546 3963 590 4031 de
606 3961 747 4032 circulis
770 3961 998 4046 coelestibus,
1023 3962 1132 4032 colle-

143 4081 199 4135 cta
224 4089 243 4134 a
262 4063 398 4134 loanne
424 4066 468 4133 de
488 4087 586 4133 sacro
604 4063 734 4149 Busto,
756 4057 1011 4148 Arithmetica,
1035 4058 1132 4158 Phy-

143 4169 237 4252 sica,
263 4166 450 4238 Secundus
464 4166 556 4250 liher
572 4164 703 4246 Plinii,
723 4179 757 4235 et
775 4163 975 4235 Aristotelis
990 4159 1128 4235 Ethica.

144 4267 206 4338 llli
232 4291 317 4338 vero
343 4269 407 4362 qui
424 4266 621 4357 Magisterii
646 4263 883 4360 philosophici
901 4269 1049 4356 gradum
1069 4291 1132 4357 pe-

142 4371 249 4442 tituri
275 4383 378 4454 sunt,
413 4383 474 4438 aut
501 4369 636 4462 alioqui
666 4370 932 4460 locupletiorem
953 4369 1131 4459 cognitio·

143 4497 228 4541 nem
247 4467 500 4564 Philosophiae
523 4473 712 4562 adpetunt,
747 4472 942 4560 adiungant
964 4473 1008 4540 ad
1029 4495 1132 4562 prae-

141 4575 332 4660 lectiones,
366 4597 517 4667 quarum
542 4573 613 4640 iam
635 4573 769 4645 mentio
792 4574 883 4642 iacta
904 4587 974 4657 est,
1006 4567 1131 4642 Eucli-

141 4669 236 4759 den,
258 4672 452 4747 Theoricas
466 4674 709 4765 planetarum,
735 4689 769 4744 et
787 4697 950 4766 maguam
967 4689 1130 4745 constru-

143 4779 299 4850 ctionem
315 4767 499 4870 Ptolemei.
550 4773 724 4867 Cupimus
737 4778 832 4845 enirn
855 4777 1033 4846 studiosos
1055 4799 1129 4846 non

142 4893 283 4950 tantum
307 4869 450 4950 inanem
472 4876 685 4948 eruditionis
706 4880 869 4948 umbram
892 4877 962 4949 sibi
989 4879 1131 4948 circun-

144 4985 249 5062 dare,
264 4960 335 5052 ⁹sed
356 5005 474 5050 veram
490 4965 761 5071 Philosophiam
785 4979 983 5072 percipere,
1009 4995 1043 5052 et
1069 5003 1130 5049 or-

143 5085 231 5155 dine
246 5107 310 5174 per
327 5096 419 5153 artes
437 5082 538 5166 duci,
564 5083 660 5176 quod
678 5093 712 5150 et
736 5081 886 5171 singulis
903 5082 992 5152 utile
1014 5095 1065 5152 cst
1084 5085 1127 5152 ad

585 293 592 310 .
633 221 945 319 sanonum
970 222 1047 300 ur
1078 181 1691 302 nauvusuoumouas.

2101 226 2181 300 994

1190 399 1321 481 tiendi,
1348 396 1608 477 miratione,
1632 391 1931 488 Cosmographia,
1957 399 2119 470 doctrina
2134 402 2179 470 de

1191 511 1318 574 natura
1339 499 1499 596 corporis
1518 493 1688 584 humani,
1721 511 1756 582 et
1776 499 1889 570 initiis
1904 501 1992 571 artis
2006 499 2178 588 Medicas,

1189 618 1225 676 et
1248 605 1422 676 virtutum
1447 600 1700 694 descriptione.
1750 597 1888 671 Harum
1916 615 2095 675 tantarum
2119 629 2177 674 re-

1186 731 1268 778 rum
1292 708 1532 798 cognitionem
1563 702 1796 774 necessariam
1823 703 1935 788 vitae,
1967 705 2078 775 sciant
2100 721 2177 777 stu-

1186 810 1279 880 dio'si
1294 821 1417 881 nostro
1433 805 1554 876 ordini
1574 805 1741 876 tuendam
1758 818 1791 875 et
1809 809 2072 896 propagandam
2090 811 2175 884 es'se.

1600 977 1762 1062 Quinta.

1282 1121 1331 1197 Et
1345 1126 1428 1220 quia
1444 1109 1561 1194 fontes
1582 1123 1767 1195 doctrinae
1781 1117 1961 1193 Ecclesiae
1984 1125 2172 1197 coutinen-

1182 1242 1241 1299 tur
1256 1229 1366 1298 literis
1382 1224 1531 1298 Ebraeis
1548 1237 1583 1296 et
1600 1223 1767 1317 Graecis,
1796 1221 1859 1294 has
1875 1249 2017 1320 quoque
2034 1228 2172 1300 discant

1182 1331 1257 1416 illi,
1292 1331 1355 1424 qui
1377 1353 1414 1398 se
1434 1341 1648 1421 praeparant
1670 1330 1713 1396 ad
1740 1329 1935 1398 docendam
1962 1323 2170 1404 Ecclesiam.

1183 1431 1320 1504 Graece
1337 1455 1422 1502 vero
1445 1429 1588 1520 linguae
1611 1429 1787 1519 cognitio,
1812 1429 1918 1498 etiam
1943 1431 1987 1498 ad
2003 1427 2170 1504 Philoso-

1182 1531 1303 1626 phiam
1318 1533 1595 1627 percipiendam,
1611 1545 1645 1602 et
1662 1533 1707 1600 ad
1725 1527 1912 1602 historiam
1926 1544 2084 1604 veterum
2102 1535 2170 1604 im-

1182 1638 1362 1729 periorum
1380 1637 1660 1725 cognoscendam
1677 1634 1872 1703 necessaria
1891 1646 1954 1707 est.
2000 1625 2093 1706 'ldeo
2112 1637 2170 1705 in-

1182 1739 1336 1828 geniosis
1351 1752 1385 1808 et
1398 1738 1648 1828 adpetentibus
1672 1735 1824 1805 solidum
1842 1737 2078 1808 eruditionem
2096 1763 2169 1808 non

1182 1841 1393 1931 negligenda
1409 1853 1473 1910 est.
1816 1822 1829 1861 ’
2117 1825 2121 1834 ’
2156 1857 2160 1871 ’

1611 2011 1744 2078 Sexta.

1285 2158 1503 2234 Exercitium
1523 2162 1807 2253 disputationum
1835 2163 1966 2233 multas
2000 2163 2172 2236 utilitates

1185 2267 1309 2337 adfert.
1361 2260 1569 2335 Adsueiacit
1591 2263 1687 2332 enim
1704 2265 1882 2334 studiosos
1897 2278 1938 2335 ut
1953 2289 2008 2336 res
2022 2263 2171 2336 intrica-

1185 2367 1297 2440 tasin
1318 2367 1443 2437 breves
1474 2366 1740 2451 conclusiones,
1775 2381 1808 2436 et
1832 2365 2065 2460 syllogismos
2092 2383 2173 2462 apte

1186 2471 1369 2544 includere
1391 2469 1558 2560 possint„
1573 2481 1608 2538 ct
1623 2465 1762 2559 placida
1780 2467 1992 2560 opinionum
2016 2470 2173 2556 collatio,

1184 2575 1316 2644 multas
1338 2595 1394 2641 res
1412 2573 1579 2640 obscuras
1600 2569 1692 2648 eruit
1707 2583 1742 2640 et
1757 2570 1940 2662 patefacit,
1966 2583 2001 2640 et
2017 2571 2173 2644 dexteri·
2196 2643 2200 2650 ,

1183 2689 1290 2774 tatem
1308 2674 1423 2745 adfert
1438 2673 1477 2742 in
1492 2673 1759 2766 respondendo,
1785 2685 1820 2742 et
1835 2672 1874 2740 in
1896 2671 1996 2742 omni
2010 2695 2173 2743 sermone

1185 2777 1398 2847 comitatem.
1450 2771 1536 2844 ldco
1561 2797 1634 2843 non
1651 2773 1768 2843 omitti
1791 2773 2047 2864 disputationes
2068 2775 2174 2844 volu-

1185 2901 1275 2950 mus.
1315 2876 1365 2949 Ut
1381 2890 1497 2947 autem
1515 2890 1550 2948 et
1565 2877 1674 2947 latine
1689 2875 1868 2945 scribendi
1885 2875 2090 2951 exercitium
2106 2869 2173 2945 ha-

1185 2981 1299 3052 beant·
1326 2975 1552 3066 scholastici,
1595 2977 1742 3049 alternis
1776 2978 2033 3070 disputationes
2065 2977 2172 3049 insti-

1186 3095 1334 3154 tuantur
1354 3105 1373 3151 a
1396 3079 1595 3170 Magistris,
1622 3093 1655 3156 et
1681 3077 1874 3150 recitentur
1902 3103 1921 3148 a
1944 3073 2173 3152 Scholasticis

1186 3184 1471 3260 declamationes.
1526 3179 1574 3252 Et
1607 3181 1772 3271 Magistri
1804 3180 1868 3275 qui
1893 3177 2172 3268 Grammaticen,

1185 3285 1422 3370 Dialecticen,
1454 3297 1515 3355 aut
1537 3279 1756 3356 Rhetoricen
1785 3285 1950 3370 tradunt,
2002 3283 2086 3355 item
2110 3286 2173 3378 qui

1185 3391 1316 3460 latinos
1356 3401 1418 3458 aut
1459 3409 1601 3474 graecos
1650 3385 1838 3476 scriptores
1880 3387 2170 3477 interpretantur,

1186 3493 1358 3584 mandent
1371 3487 1594 3558 auditoribus
1608 3501 1649 3558 ut
1662 3487 1817 3556 scribant
1837 3500 1872 3556 et
1889 3489 2037 3558 recitent
2052 3489 2171 3558 decla·

1185 3591 1370 3664 mationes.
1420 3585 1529 3658 Nulla
1542 3601 1658 3658 autern
1675 3587 1867 3678 disputatio
1884 3601 1945 3657 aut
1963 3589 2172 3659 declamatio

1186 3706 1407 3786 proponatur
1422 3691 1582 3783 publice,
1607 3714 1681 3759 non
1705 3689 1860 3780 inspecta
1886 3685 2086 3780 aDecano,
2112 3707 2174 3762 aut

1186 3793 1371 3887 Magistris
1389 3817 1541 3888 quorum
1561 3793 1734 3862 iudicium
1753 3787 2060 3881 prohatDecanus.
2096 3791 2174 3863 No-

1185 3899 1304 3968 lumus
1320 3895 1415 3966 enim
1437 3893 1602 3965 materias
1623 3893 1743 3965 futiles
1765 3907 1799 3964 et
1820 3887 1984 3962 honestas
2007 3895 2173 3986 proponi,

1185 4001 1353 4070 nolumus
1376 4011 1412 4069 et
1434 3995 1593 4088 sugillari
1610 4019 1812 4090 quenquam
1838 3994 1876 4061 in
1900 3989 1965 4064 hac
1980 3991 2172 4066 Academia

1185 4105 1389 4185 docentem,
1422 4111 1484 4169 aut
1517 4099 1700 4168 manifesta
1735 4095 1984 4168 criminatione
2014 4097 2173 4184 lacerari,

1185 4217 1219 4274 et
1234 4203 1378 4274 accendi
1396 4200 1588 4274 discordias
1604 4193 1671 4269 hoc
1687 4223 1785 4268 more
1803 4197 2010 4289 disputandi
2031 4213 2092 4269 aut
2107 4203 2171 4269 de·

1184 4305 1382 4388 clamandi,
1408 4303 1471 4398 qui
1488 4301 1668 4373 institutus
1686 4313 1757 4384 est,
1782 4313 1822 4370 ut
1849 4301 1960 4392 prosit
1981 4303 2024 4369 ad
2050 4303 2171 4370 erodi·

1185 4411 1338 4492 tionem,
1364 4419 1398 4476 et
1415 4407 1461 4474 ad
1477 4403 1643 4475 virtutem
1659 4403 1855 4486 iuventuti,
1882 4425 1954 4470 non
1971 4416 2011 4473 ut
2035 4403 2168 4476 livido·

1184 4535 1265 4582 rum
1280 4507 1477 4582 adfectibus
1490 4531 1529 4576 ac
1545 4503 1762 4597 petulantiae
1770 4503 1915 4606 serviat.
2046 4505 2067 4552 θ

1510 4782 1576 4863 Da
1605 4777 1846 4888 ¹tatoribus.

1558 4946 1689 5010 Prima
1714 4947 1791 5005 lex.

1284 5077 1492 5151 Conventus
1516 5071 1717 5146 scholastici
1740 5082 1833 5138 recte
1856 5067 2011 5139 instituti
2033 5081 2067 5138 et
2090 5067 2169 5136 fue·

110 5177 115 5188 ’
144 5185 364 5277 agnitionem
380 5183 539 5254 veritatis
563 5207 631 5278 qua
650 5183 785 5272 regitur
801 5185 895 5268 vita,
922 5187 1015 5254 etad
1034 5199 1127 5278 recte
1183 5197 1271 5253 runt
1294 5183 1381 5251 olim
1408 5195 1443 5251 et
1468 5201 1541 5248 esse
1559 5177 1690 5246 debent
1710 5171 1939 5265 praecipuum
1955 5191 2078 5258 agmen
2097 5163 2170 5238 Ec-

144 5287 395 5370 iudicandum,
434 5297 469 5355 ct
491 5285 670 5355 communi
692 5285 785 5354 vitae
807 5287 1043 5364 necessarium
1066 5299 1130 5372 est,
1182 5285 1307 5356 clasiae
1322 5281 1401 5356 Dei.
1456 5279 1512 5350 lbi
1529 5279 1624 5348 enirn
1646 5275 1808 5344 doctriua
1831 5271 1990 5372 coelestis
2013 5269 2170 5340 custodi-

147 5413 239 5484 quae
260 5413 334 5460 non
357 5399 471 5479 potest
493 5409 610 5456 carcre
633 5377 708 5458 aite
731 5389 962 5476 numerandi,
996 5403 1030 5460 et
1051 5411 1129 5457 me-
1181 5401 1260 5469 tur,
1284 5399 1319 5456 et
1341 5381 1559 5476 gubernante
1582 5379 1719 5472 Spiritu
1746 5391 1866 5448 sancto
1882 5366 2083 5446 Catholicae
2099 5365 2171 5442 Ec-

198 5496 376 5561 lllruarru.
394 5495 498 5559 Ocra.
513 5491 596 5558 Vos.
611 5491 658 5560 X.
1655 5479 1705 5551 63
