4888 5962
992 4 1028 71 β

865 189 1741 306 ouausrmuusacanuurcan.
1846 159 1851 164 ’
1964 243 1970 254 .

296 196 368 274 791

300 370 457 441 afferunt
474 369 627 442 veritati.
664 367 794 461 Saepe
820 368 974 438 enimin
997 368 1070 440 vita
1092 365 1295 460 persuasio-

299 497 363 543 nes
376 496 498 542 errore
514 483 724 564 conceptae,
753 471 968 563 impediunt:
981 483 1208 562 conspectum
1231 493 1294 539 ve-

300 575 429 647 ritatis.
480 573 551 660 Ut,
583 575 668 669 qnia
695 575 803 666 multi
826 575 1051 660 existimant,
1077 595 1198 642 veram
1222 567 1293 642 Ec-

301 678 444 750 clesiam
478 701 551 747 esse
580 677 763 768 politiam,
798 677 952 745 similem
980 677 1161 769 imperiis,
1203 697 1294 768 quae

301 803 450 872 corpora
467 782 689 870 gubernant,
714 780 881 850 tribuunt
897 779 1039 849 iudiciis
1056 777 1207 867 Regiam
1227 801 1295 867 po-

303 897 483 964 testatem,
499 883 557 954 cui
570 903 713 952 necesse
732 895 784 952 est
800 883 966 965 obedire,
980 905 1055 952 non
1071 882 1189 950 solnm
1210 903 1296 970 pro-

303 1000 382 1077 pter
396 985 571 1060 rationem
589 985 833 1078 probabilem,
856 986 917 1054 sed
935 984 1042 1055 etiam
1060 996 1208 1074 propter
1230 1005 1297 1052 au-

304 1087 506 1178 toritatem,
528 1111 636 1180 qnam
653 1083 752 1156 Deus
770 1086 826 1154 illi
843 1087 983 1176 fastigio
1003 1085 1180 1157 attribuit.

404 1187 498 1260 Cum
515 1189 730 1260 dissiderent
746 1189 840 1260 inter
856 1212 892 1257 se
916 1191 990 1259 duo
1015 1190 1160 1267 fratres,
1187 1183 1297 1276 Regis

265 1379 270 1386 .
303 1292 409 1362 Darii
432 1292 517 1375 lilii,
542 1291 784 1362 Artabazanes
807 1304 841 1360 ct
855 1289 1008 1376 Xerxes,
1033 1313 1109 1360 non
1135 1291 1181 1358 de
1206 1291 1297 1358 dua-

303 1397 371 1464 lrns
384 1393 548 1486 capellis,
571 1395 632 1462 sed
648 1395 693 1462 de
709 1394 862 1484 imperio
878 1394 988 1464 totius
1004 1393 1102 1464 orbis
1118 1405 1297 1462 terrarum

304 1497 575 1580 florentissimo,
608 1497 653 1566 de
674 1517 784 1586 regno
809 1493 970 1580 Persico,
1002 1509 1188 1588 postquam
1216 1515 1298 1563 sen-

305 1599 416 1669 tentia
442 1600 600 1669 iudicum
622 1599 734 1668 frater
763 1610 852 1689 natu
884 1600 1006 1668 minor
1029 1597 1208 1690 praelatus
1235 1610 1298 1680 est,

306 1701 480 1783 alterum,
501 1701 568 1772 etsi
591 1701 814 1792 probabilem
840 1725 981 1771 causam
1006 1695 1199 1783 habuerat,
1234 1722 1298 1767 cur

306 1805 557 1874 anteferendos
582 1815 691 1885 esset,
723 1817 845 1875 tamen
873 1803 944 1873 inm
971 1805 1217 1894 obtemperare
1241 1800 1298 1870 iu-

307 1907 425 1978 dicato
439 1906 574 1978 iustum
597 1921 683 1980 erat.
1289 1911 1294 1918 '

417 2023 489 2096 Sed
507 2025 662 2095 mullum
678 2021 864 2092 dissimilis
881 2033 934 2090 est
947 2015 1105 2092 Ecclesia
1123 2021 1295 2114 imperiis.

307 2125 438 2199 Valent
458 2125 654 2198 sententiae
679 2125 840 2196 iudicum
866 2148 941 2193 non
962 2121 1075 2214 Regia
1102 2139 1164 2195 aut
1187 2123 1297 2194 Prae-

307 2229 399 2300 toria
416 2229 617 2308 autoritate,
632 2229 693 2296 scd
711 2228 793 2322 quia
814 2250 896 2296 vere
914 2241 1117 2315 congruunt
1134 2251 1213 2297 curn
1231 2229 1298 2297 do-

309 2331 423 2402 ctrina
446 2355 466 2400 a
488 2328 566 2402 Deo
591 2329 732 2401 tradita.
792 2327 833 2402 Si
861 2352 937 2399 non
970 2353 1052 2398 vere
1074 2336 1298 2419 congruunt,

309 2433 449 2505 etiamsi
472 2431 678 2526 inspeciem
696 2431 936 2501 blandiuntur
950 2431 1083 2502 rationi
1107 2427 1297 2513 humanae,

310 2535 539 2607 anteferenda
554 2547 606 2606 est
621 2535 760 2626 regula:
794 2532 834 2604 Si
852 2533 932 2628 quis
946 2533 1044 2618 aliud
1060 2529 1296 2624 Evangelium

308 2642 431 2723 docet,
464 2629 652 2709 anathema
683 2638 742 2709 sit.
792 2633 861 2721 Ut,
898 2659 1104 2728 quanquam
1128 2634 1298 2730 Synodns

309 2741 544 2838 syrmiensis,
580 2740 712 2834 inqua
737 2760 865 2828 magna
888 2739 1089 2831 frequentia
1115 2739 1186 2810 fuit
1208 2735 1298 2831 Epi-

309 2868 497 2937 scopornm
508 2838 615 2913 Asiae
627 2859 662 2914 et
672 2837 859 2932 Europae,
885 2842 1066 2912 decretum
1082 2840 1184 2927 fecit,
1200 2843 1297 2936 quod

301 2947 398 3018 utile
411 2947 456 3017 ad
470 2944 691 3016 sarciendam
713 2943 941 3015 concordiam
959 2943 1165 3029 videbatur,
1191 2960 1231 3017 ut
1259 2947 1298 3013 in

310 3048 484 3144 Symbolo
504 3046 640 3118 Niceno
664 3047 845 3136 legerunt,
878 3041 1031 3138 ὅμοιον,
1061 3070 1136 3114 non
1160 3039 1298 3142 ὃμοού-

312 3171 413 3236 σιον,
439 3164 559 3220 tamen
581 3144 668 3219 hnic
691 3161 792 3220 tanto
819 3149 1009 3222 consensui
1034 3150 1216 3220 adversari
1235 3174 1299 3219 ne-

312 3251 501 3326 cessefuit.

429 3367 502 3440 Sed
526 3367 704 3439 obiiciunt
726 3365 797 3436 viri
820 3365 974 3458 politici:
1009 3363 1108 3456 Quid
1133 3389 1223 3460 opus
1249 3381 1301 3438 est

313 3471 475 3558 iudiciis,
497 3471 527 3542 si
542 3484 662 3564 postea
684 3469 926 3540 contradicere
950 3470 1051 3554 licet,
1077 3494 1143 3541 nec
1169 3470 1302 3541 liniunt

312 3574 588 3659 controversias,
614 3597 679 3642 nec
692 3573 828 3644 tollunt
844 3571 1062 3642 discordias?

426 3691 484 3765 Ad
510 3689 604 3763 hauc
625 3691 863 3764 obiectionem
887 3693 1102 3783 respondeo:
1155 3689 1303 3762 ludiciis

312 3811 432 3868 tamen
455 3821 545 3888 opus
570 3818 664 3880 esse,
696 3793 780 3888 qnia
811 3818 894 3863 vera
916 3789 1074 3864 Ecclesia
1099 3807 1193 3864 recte
1219 3817 1302 3864 sen-

313 3901 443 3972 tientes
468 3899 655 3970 conlirmat
686 3919 751 3967 suo
776 3897 1004 3981 testimonio,
1043 3909 1078 3966 et
1099 3897 1304 3966 monstratis

314 4002 510 4072 sententiae
533 4000 649 4072 causis
670 3999 810 4094 aliquos
834 4012 992 4070 errantes
1015 3997 1055 4066 in
1081 3999 1174 4068 viam
1198 4023 1304 4069 revo-

315 4115 390 4182 cat,
416 4103 505 4173 sicut
531 4127 634 4192 saepe
655 4097 724 4171 hoc
749 4113 909 4192 ternpore
933 4100 1066 4171 nostris
1089 4101 1233 4172 indiciis
1247 4125 1304 4171 rc-

284 4239 287 4242 ·
313 4205 429 4276 vocati
448 4218 533 4276 sunt
549 4202 662 4298 aliqui
678 4203 724 4274 ab
744 4203 926 4273 erroribus
943 4199 1272 4294 Anahaptistarum.

421 4323 506 4396 Non
539 4322 650 4412 igitur
681 4321 825 4392 inutilia
858 4335 942 4392 suut
974 4321 1125 4398 iudicia.
1167 4323 1305 4394 etiamsi

315 4427 421 4500 multi
438 4450 512 4497 non
532 4428 799 4515 obtemperant,
826 4449 916 4518 quos
940 4425 1083 4496 tandem
1109 4439 1307 4518 compescet

299 4529 410 4604 -Deus
432 4529 538 4602 sicuti
568 4527 785 4620 compescuit
806 4525 974 4612 ludaeos,
1005 4528 1223 4619 refragantes
1248 4529 1307 4599 in-

315 4635 409 4704 dicio
422 4629 691 4724 Apostolorum.

416 4741 820 4836 Controversiae'igitur
841 4745 879 4816 in
896 4743 1055 4818 Ecclesia
1078 4769 1226 4836 magnae
1245 4745 1305 4817 vix

315 4879 474 4950 unquam
492 4853 692 4936 tolluntur,
707 4849 777 4919 nisi
795 4849 1010 4922 mirabiliter
1023 4846 1121 4920 Deus
1135 4848 1305 4944 reprimat

202 5025 205 5032 .
316 4952 435 5028 hostes
453 4953 623 5030 veritatis.
655 4967 663 4990 ‘

417 5073 490 5145 Nec
514 5075 705 5170 quicquam
727 5067 915 5164 pulchrius
934 5085 986 5142 est
1010 5072 1048 5140 in
1073 5083 1162 5163 toto.
1173 5092 1303 5161 genere

314 5177 495 5257 hnmano,
521 5201 626 5270 quam
644 5177 702 5268 pia
716 5175 905 5272 Synodus,
931 5199 1022 5270 quae
1037 5173 1174 5266 placide
1190 5188 1225 5244 et
1241 5200 1301 5246 ve-

187 5363 193 5384 .
315 5307 356 5354 ro
377 5279 497 5355 studio
517 5251 878 5382 sinihcnpiditatibus
902 5275 1053 5372 inquirit
1078 5289 1111 5346 et
1134 5277 1299 5368 patefacit

292 5471 294 5476 Ι
313 5385 517 5468 veritatem,
542 5393 575 5453 et
593 5403 658 5452 suo
675 5380 879 5453 testimonio
901 5379 1051 5471 gloriam
1068 5377 1139 5450 Dei
1155 5393 1272 5452 ornat.

2193 243 2200 250 ·
2254 197 2335 268 792

1447 366 1549 440 Talis
1574 384 1802 442 coetus‘vere
1825 381 1879 442 est
1894 364 2254 460 chorosAngellcns,
2282 396 2343 442 ca-

1345 495 1435 542 nens
1463 467 1560 543 hunc
1585 469 1777 569 hymnum:
1806 469 1933 544 Gloria
1955 473 1994 542 in
2018 473 2164 544 excelsis
2179 471 2282 561 Deo,
2305 487 2341 546 ct

1345 577 1384 646 in
1404 588 1498 646 terra
1514 599 1581 669 pax
1597 571 1821 650 hominibus.

1449 676 1572 772 ltaque
1604 669 1680 770 pias
1711 680 1867 773 synodos
1892 691 1927 749 et
1949 677 2007 769 pia
2033 676 2166 748 iudicia
2189 701 2343 752 venere·

1345 803 1449 868 mur,
1488 795 1523 851 et
1544 782 1690 875 quidem
1711 779 1904 872 diligenter
1926 779 2193 852 consideremus
2216 805 2342 853 causas

1346 895 1382 954 ct
1397 883 1513 952 sontes
1527 885 1796 956 sententiarum.

1448 984 1518 1057 Sed
1539 987 1781 1056 discernamus
1797 985 1975 1081 Synodos.
2025 982 2117 1056 Cum
2140 983 2244 1077 impii
2257 1009 2345 1056 coe-

1349 1102 1427 1174 tus,
1461 1089 1525 1182 qui
1547 1102 1669 1159 tenent
1691 1088 1911 1158 ordinariam
1934 1100 2166 1180 potestatem,
2198 1089 2340 1158 decreta

1346 1191 1503 1275 faciunt,
1528 1191 1783 1262 contumeliosa
1802 1192 1969 1262 adversus
1983 1187 2120 1280 Deum,
2145 1190 2264 1284 qualia
2277 1213 2340 1260 rec·

1349 1317 1431 1364 cens
1452 1294 1614 1364 fecerunt
1635 1292 1773 1389 Synodi
1787 1291 2002 1364 Tridentina
2027 1306 2064 1364 et
2084 1289 2342 1372 Bononiensis,

1348 1397 1527 1466 adversari
1548 1419 1688 1466 necesse
1706 1408 1770 1469 est.

1451 1495 1529 1568 Etsi
1562 1499 1672 1587 igitur
1702 1499 1899 1589 optandum
1922 1509 1993 1583 cst,
2025 1510 2068 1568 ut
2087 1496 2145 1590 pia
2169 1496 2345 1592 Synodus

1348 1613 1442 1670 recte
1463 1601 1635 1670 diiudicet
1659 1601 1935 1671 controversias:
1951 1595 2079 1670 'umen
2093 1601 2343 1694 qualecunque

1349 1702 1523 1772 iudicium
1541 1703 1766 1787 instituetur,
1792 1727 1868 1772 non
1888 1717 1940 1776 est
1955 1702 2157 1773 abiicienda
2181 1704 2340 1774 veritatis

1349 1805 1547 1890 confessio,
1572 1827 1638 1874 nec
1663 1805 1850 1896 promittat
1868 1805 2078 1900 qnisquam,
2105 1827 2143 1875 se
2157 1819 2340 1898 optempe-

1349 1921 1510 1978 raturum
1529 1931 1603 1977 esse
1621 1907 1796 1991 iudicato,
1821 1909 1891 1978 uisi
1915 1921 2019 1978 antea
2033 1907 2218 1979 decretum
2238 1907 2341 1976 audi-

1349 2010 1453 2083 verit.
1493 2008 1565 2080 Nec
1583 2011 1701 2100 imago
1718 2010 1935 2082 iudiciorum
1954 2009 2115 2080 civilium
2131 2023 2168 2081 ct
2183 2005 2341 2102 propha-

1349 2136 1480 2182 norum
1494 2114 1538 2181 ad
1555 2107 1641 2182 haec
1658 2113 1852 2182 certamina
1874 2114 1919 2181 de
1934 2111 2049 2202 gloria
2065 2108 2133 2182 Dei
2148 2113 2341 2182 transfera-

1348 2228 1420 2287 tur.
1473 2213 1543 2286 Sed
1554 2215 1632 2284 'alio
1651 2228 1811 2308 ternpore
1834 2209 2016 2286 haedere
2033 2215 2216 2308 copiosius
2231 2215 2342 2286 disse-

1349 2338 1479 2390 remus.
1530 2314 1626 2391 Dixi.

1361 2715 1429 2810 N.⁰·
1445 2717 1507 2790 41.

1355 2813 1529 2844 Μ

2085 2725 2337 2795 11.Ὲεδε.1550.

2108 2819 2322 2857 Μ

1420 2942 1451 2997 ln
1469 2941 1632 3012 Quaestion.
1650 2963 1678 3018 p.
1695 2943 1752 3000 stt
1773 2964 1831 3018 sq.,
1855 2944 1885 3000 in
1905 2945 2009 3005 Consil.
2029 2945 2098 3008 Mel.
2117 2945 2147 3003 P.
2168 2944 2204 3004 ll.
2224 2965 2252 3016 p.
2271 2947 2339 3014 tto..

1454 3013 1488 3139 'iltut-
1502 3014 1556 3138 ffil.
1566 3015 1699 3139 ἃξεΙεω.
1714 3018 1749 3080 Τ.
1757 3016 1806 3072 ΙΙΙ.
1820 3014 1932 3074 Erford.
1945 3015 1996 3072 fol.
2008 3015 2030 3070 F
2031 3055 2039 3074 .
2046 3021 2070 3075 l.
2088 3027 2115 3071 ct
2131 3018 2206 3089 apud
2215 3015 2341 3074 tsietmt

1351 3248 1556 3337 Responsio
1584 3242 1639 3316 nd
1662 3247 1715 3317 M.
1738 3246 1934 3340 cyriaca·
1959 3245 2341 3345 spargendas-pis·

1352 3351 1611 3444 quaestionem
1635 3349 1683 3420 de
1709 3346 1812 3421 dieto
1837 3356 1880 3424 in
1904 3353 2063 3423 Genesi:
2087 3373 2159 3422 non
2182 3345 2339 3442 aufere-

1353 3461 1418 3523 tur
1443 3459 1637 3544 sceptrum
1664 3473 1689 3523 n
1705 3451 1807 3523 Iuda
1832 3452 1951 3525 donee
1971 3457 2114 3525 amerit
2127 3450 2246 3541 stlat,
2270 3474 2341 3524 re·

1412 3557 1537 3626 citata
1561 3553 1597 3625 d.
1630 3551 1688 3628 ll.
1715 3552 1818 3626 Febr.
1844 3577 1943 3628 anno
1972 3551 2087 3630 155⁰.
2111 3552 2285 3628 lubiliaco.

1354 3691 1457 3778 Olim
1469 3702 1751 3774 nominabantur
1766 3702 1805 3773 in
1815 3699 1975 3775 Ecclesia
1989 3699 2149 3800 ὁμιλίαι,
2164 3731 2245 3779 curn
2262 3708 2342 3801 plu-

1354 3829 1411 3878 res
1433 3820 1612 3888 amanter,
1644 3829 1716 3876 una
1739 3807 1784 3875 de
1804 3831 1862 3886 rc,
1895 3830 1960 3878 suo
1983 3809 2136 3904 quisque
2160 3811 2239 3882 loco
2261 3835 2342 3898 sen-

1355 3909 1502 3980 tentiam
1521 3908 1671 3981 dicebat.
1720 3905 1795 3978 Nec
1816 3909 1973 4000 profecto
1989 3911 2132 3982 dulcius
2148 3913 2342 4007 quidquam

1356 4035 1429 4082 esse
1454 4023 1586 4102 potest,
1611 4010 1743 4080 talibus
1765 4011 1973 4106 colloquiis,
1999 4013 2038 4082 in
2060 4015 2194 4107 quibus
2217 4015 2342 4086 veritas

1355 4113 1553 4184 multorum
1576 4111 1785 4198 collatione,
1818 4113 1895 4184 sine
1924 4115 2114 4204 acerbitate
2141 4117 2341 4188 animorum

1357 4216 1555 4310 quaeritur.
1617 4211 1743 4286 Abeo
1770 4239 1870 4303 more
1890 4211 2089 4304 Ecclesiae,
2123 4221 2342 4292 consuetudo

1357 4331 1393 4389 et
1411 4318 1449 4386 in
1465 4313 1613 4389 Scholas
1627 4315 1798 4388 translata
1816 4332 1887 4396 est,
1914 4333 1954 4392 ut
1975 4319 2095 4412 plures
2111 4324 2235 4392 cadem
2248 4326 2293 4393 de
2308 4345 2345 4392 re

1358 4413 1538 4516 dicant').
1591 4417 1634 4490 ln
1653 4415 1811 4490 Ecclesia
1834 4435 1982 4513 propter
2006 4423 2095 4492 duas
2115 4448 2238 4495 causas
2261 4420 2346 4495 haec

1359 4525 1582 4594 consuetudo
1605 4523 1694 4606 fuit,
1725 4536 1766 4594 ut
1790 4523 1911 4616 plures
1933 4526 1979 4594 de
2003 4549 2075 4614 una
2103 4550 2142 4596 re
2174 4527 2345 4599 dicerent.

1357 4625 1464 4696 Prior
1485 4649 1589 4696 causa
1612 4639 1762 4696 nonest
1790 4625 1953 4716 obscura.
2011 4624 2107 4716 Quia
2130 4653 2211 4700 com
2240 4631 2345 4702 multi

1357 4753 1467 4800 unam
1488 4751 1563 4798 rcrn
1589 4727 1800 4820 inquirunt,
1821 4728 1899 4798 sine
1916 4730 2106 4802 acerbitate
2129 4733 2343 4812 animorum,
2424 4729 2425 4740 ’

1356 4845 1391 4902 et
1404 4831 1482 4900 sine
1496 4824 1717 4921 Sophistica,
1739 4831 1879 4902 facilius
1896 4830 2082 4904 invenitur
2097 4833 2240 4910 veritas.
2279 4835 2343 4906 Al·

1355 4947 1429 5004 tera
1453 4956 1556 5002 causa
1576 4932 1664 5016 fuit,
1693 4944 1736 5002 ut
1757 4931 1959 5003 testimonia
1982 4935 2179 5008 multorum
2202 4939 2249 5007 de
2265 4962 2343 5030 gra-

1355 5034 1511 5106 vissimis
1525 5035 1631 5106 rebus
1646 5047 1731 5106 nota
1753 5048 1879 5110 essent.
1930 5033 2039 5108 Nunc
2054 5039 2241 5128 vestigium
2269 5063 2344 5110 ma-

1353 5151 1416 5210 net
1439 5138 1570 5210 vetusti
1594 5138 1717 5208 moris.
1776 5135 1900 5233 ltaque
1921 5152 1963 5212 ut
1985 5153 2077 5214 extet
2101 5165 2222 5218 meum
2245 5143 2344 5215 testi-

1360 5313 1567 5329 ..ι-αι’·-

1383 5401 1418 5473 *)
1436 5401 1513 5458 Olr'rn
1530 5403 1753 5460 nominabantur
1770 5413 1824 5461 etc.
1844 5401 2083 5462 bicbertinum
2101 5405 2189 5464 dedit.
