4888 5962
126 145 202 222 no
242 265 244 270 v
532 93 543 108 ⁸
674 239 682 248 Ὦ
718 144 1572 253 Quansrrounsxcanuuscxa.
1901 231 1931 239 ,A
2088 155 2164 233 sao

126 319 370 415 partirentur,
406 289 584 414 etsi'quid
610 319 746 391 deesset
776 323 959 414 aperiodi
994 323 1119 406 solaris
1141 337 1145 462 Ι
1167 336 1289 394 centos
1303 324 1728 422 sexagintaquinquedies
1742 330 1966 402 extendatur.
2000 327 2074 402 Nec
2091 333 2159 402 du·

126 422 361 515 perfectione,
382 423 477 516 quod
506 423 650 494 collatio
672 425 900 506 ostendebat,
928 427 1118 518 explerent.
1166 427 1265 512 bito,
1290 421 1400 498 huius
1416 431 1504 498 anni
1520 431 1827 517 observationem,
1853 453 1976 514 usum,
1998 435 2158 528 adeoque

123 525 224 596 Hinc
240 525 337 616 apud
352 537 474 613 gentes
490 524 660 620 reliquas,
687 525 817 619 quibus
835 526 873 596 in
889 550 957 600 usu
971 529 1118 600 fuerunt
1167 541 1277 599 totam
1293 529 1470 601 rationem
1483 557 1512 612 „a
1528 533 1653 623 primis
1669 534 1787 625 primo
1804 557 1965 605 manasse
1979 533 2156 622 Patribus,

124 627 289 700 Lunares
311 627 417 712 anni,
453 626 595 698 dierum
620 631 700 702 τῶν
725 627 897 703 inustus!
917 625 982 702 scal
1002 626 1117 726 ὑπερ·
1166 643 1202 702 et
1224 632 1384 723 exemplo
1404 631 1551 704 Patrum
1580 637 1625 706 ab
1652 635 1846 706 artificibus
1870 651 1992 728 postea
2028 661 2156 729 magna

122 727 347 826 βαινουσιόν
364 729 478 818 origo.
529 724 693 801 Omnino
710 731 822 822 igitur
834 733 1009 804 rationem
1030 734 1117 803 anni
1166 757 1249 803 cura
1268 757 1407 826 semper
1422 751 1665 808 conservatam
1683 739 1812 824 luisse,
1837 753 1878 810 ut
1892 740 1985 808 veris
2003 754 2037 812 ct
2052 741 2154 812 iustis
2217 727 2219 730 ⁵

46 835 47 838 ’
123 833 257 903 veteris
271 832 311 902 in
325 831 460 925 populo
474 827 545 902 Dei
566 857 608 904 ex
623 835 810 928 utriusque
833 835 983 906 luminis
1003 837 1116 906 cursi-
1165 835 1293 927 spaciis
1322 837 1431 908 series
1452 851 1652 932 temporum
1673 841 1792 910 divisa
1829 857 2085 934 propagaretur
2110 845 2156 912 ad
2282 913 2284 918 .

121 936 195 1006 bus
211 935 399 1008 deductam
417 933 545 1021 luisse,
570 948 676 1029 atque
692 938 924 1029 compositam
942 939 1116 1025 existimo,
1166 953 1341 1028 posteros,
1374 935 1647 1012 Astronomicae
1670 943 1853 1015 doctrinae
1874 967 1997 1030 causa,
2024 945 2082 1016 cni
2109 947 2154 1016 ad

123 1039 175 1108 ita
193 1051 235 1108 ut
250 1060 456 1132 quanquam
473 1059 613 1108 menses
628 1041 672 1109 de
687 1037 812 1110 Lunae
835 1040 1115 1114 indicatiooibus
1164 1041 1454 1111 observationum
1476 1045 1722 1130 collationem,
1748 1048 1917 1140 (quarum
1942 1047 2155 1118 certitudine

120 1139 400 1226 distribuerint,
432 1139 600 1231 periodos
633 1153 754 1212 tamen
777 1142 931 1232 integras
958 1145 1043 1213 solis
1069 1145 1113 1213 ad
1163 1143 1295 1214 veritas
1310 1145 1494 1214 doctrinae
1510 1144 1655 1238 nititur)
1666 1147 1837 1241 exquisita
1851 1172 2029 1220 annorum
2049 1172 2153 1240 prae-

122 1242 343 1336 aequinoctii
357 1254 530 1334 punctum
548 1243 684 1330 reditu,
701 1244 921 1333 definierint,
938 1259 973 1317 et
988 1269 1115 1316 secun·
1163 1247 1349 1316 teritorum
1365 1247 1541 1318 dimensio
1565 1251 1718 1320 maxime
1733 1251 1926 1321 necessaria
1948 1265 2009 1321 est.
2063 1249 2154 1323 (lae-

122 1347 214 1416 dum
236 1339 301 1416 has
315 1345 482 1436 periodos
501 1369 616 1416 annos
632 1349 867 1422 numerarim.
918 1345 995 1419 Cur
1018 1349 1113 1418 enim
1163 1359 1257 1418 terae
1280 1363 1399 1439 gentes
1420 1373 1504 1422 vero
1527 1352 1711 1446 antiquam
1735 1347 1829 1423 hauc
1858 1353 2017 1444 patribus
2040 1353 2152 1424 usita-

123 1472 193 1518 ceu
220 1447 360 1538 gemina
383 1445 598 1539 praefixisset
625 1449 754 1522 initia?
804 1446 854 1522 Et
881 1451 1027 1544 quidem
1051 1475 1115 1522 cur
1161 1463 1234 1520 tam
1252 1451 1339 1519 anni
1357 1453 1577 1540 notationem
1604 1467 1639 1525 et
1655 1455 1947 1526 distributionem
1963 1456 2151 1549 pleraeque

123 1551 297 1635 alterum,
339 1551 436 1644 quod
471 1549 511 1618 in
544 1550 638 1620 diem
670 1553 886 1646 aequinoctii
915 1553 1114 1638 collocavit,
1163 1553 1380 1624 mutilarunt
1401 1577 1441 1623 ac
1465 1557 1713 1647 depravarunt.
1765 1555 2037 1628 Constituerunt
2064 1558 2153 1627 aliae

122 1651 364 1744 praemisisset
388 1649 621 1739 alteriDeus,
646 1655 676 1724 si
695 1679 771 1725 non
793 1656 837 1726 ad
853 1653 948 1744 Solis
970 1679 1112 1726 cursum
1162 1657 1231 1725 alia
1264 1655 1388 1741 initia,
1430 1653 1560 1728 Graeci
1592 1653 1734 1756 τροπὰς
1762 1655 1928 1754 θερινὰς.
1994 1659 2154 1733 Romani

122 1754 288 1826 revocari
308 1767 344 1824 et
357 1754 472 1846 redigi
485 1778 663 1826 annorum
677 1759 845 1848 periodos
858 1757 1055 1828 voluisset?
1161 1756 1352 1843 Brumam,
1379 1761 1586 1830 autumnale
1603 1762 1868 1854 aequinoctium
1887 1759 2036 1832 Asiatici
2063 1761 2152 1831 anni

237 1854 343 1928 Hanc
365 1857 411 1927 ab
433 1858 659 1951 aequinoctio
676 1883 787 1930 verno
811 1855 1114 1932 anniinchoatio-
1162 1861 1380 1952 principium
1417 1861 1590 1933 iecerunt.
1658 1861 1824 1959 Aegyptii
1864 1877 1899 1934 et
1939 1861 2152 1959 Babylonii,

121 1983 208 2030 nem
225 1973 260 2030 et
273 1959 552 2046 dimensionem,
578 1974 619 2032 ut
633 1961 928 2056 antiquissimam,
954 1987 1113 2032 commo·
1162 1986 1363 2056 quanquam
1378 1965 1554 2056 principio
1570 1989 1651 2035 cum
1665 1967 1798 2058 populo
1809 1963 1874 2034 Dei
1890 1979 2152 2036 convenerunt:

121 2062 325 2148 dissimam,
352 2075 386 2133 et
412 2062 642 2134 certissimam
658 2059 822 2137 Artifices
847 2079 927 2157 post
948 2059 1111 2136 omnium
1162 2066 1770 2159 tamenreliquamtotamrationem
1782 2082 1977 2142 mutarunt.
2006 2067 2150 2160 Quippe

121 2179 327 2256 temporum
355 2165 500 2258 sequuti
530 2179 636 2254 sunt,
673 2179 709 2238 et
741 2169 979 2239 retinuerunt.
1041 2166 1133 2250 Sed
1161 2192 1202 2237 ex
1225 2169 1394 2238 solarium
1418 2181 1558 2240 tantum
1580 2183 1742 2240 motuum
1767 2170 1914 2262 periodo
1936 2194 2070 2248 annum
2094 2169 2151 2240 di-

121 2292 206 2338 cum
234 2289 274 2336 ea
300 2267 508 2348 intervalla,
544 2291 635 2361 quae
667 2271 911 2341 reductionem
939 2269 1035 2342 Solis
1067 2271 1111 2338 ad
1161 2270 1338 2340 variatum
1354 2270 1637 2364 conllatumque,
1661 2286 1696 2341 et
1713 2295 1794 2341 eum
1811 2259 1958 2366 quidem
1977 2272 2149 2366 aequabi-

120 2370 220 2440 idem
256 2369 474 2462 aequinoctii
502 2384 673 2461 punctum
702 2373 934 2454 metirentur,
976 2373 1113 2442 variare
1163 2372 1252 2458 lem,
1288 2395 1328 2442 ac
1363 2386 1601 2444 trecentorum
1643 2375 1983 2469 sexagintaquinque
2013 2376 2152 2445 dierum

120 2465 462 2564 deprehendissent,
488 2472 593 2558 inde,
626 2475 724 2568 qnod
750 2475 928 2568 inaequali
952 2487 1052 2544 motu
1074 2475 1111 2542 in
1162 2475 1380 2565 integrorum
1397 2499 1547 2546 numero
1563 2471 1855 2567 comprehensum
1872 2477 1910 2544 in
1927 2501 1996 2548 usu
2012 2472 2149 2548 habue-

119 2574 371 2667 praecedentia
395 2575 703 2667 aequinoctiorum
718 2591 848 2667 puncta
865 2590 1112 2670 proreptarent
1162 2590 1259 2648 runt.
1312 2573 1385 2648 Eos
1407 2578 1470 2670 qui
1494 2577 1679 2666 annuatim
1705 2567 1910 2650 redundant
1924 2581 2149 2672 quadrantes,

118 2677 378 2748 antevertendo
400 2677 519 2748 stellas
540 2678 757 2764 inerrantes,
791 2678 925 2772 Solque
949 2681 987 2747 iu
1010 2693 1111 2748 motu
1162 2701 1235 2748 non
1253 2679 1326 2747 illis
1342 2681 1385 2749 ad
1402 2703 1492 2773 quos
1505 2681 1704 2773 pertinent,
1730 2682 1836 2750 annis
1852 2681 2073 2752 vertentibus
2089 2705 2148 2750 ac·

119 2803 245 2850 annuo
263 2773 475 2872 ἅνομαλίαν
492 2803 574 2870 prae
597 2804 633 2850 se
653 2783 763 2852 ferret
778 2806 853 2851 non
870 2781 1051 2870 exi-guam,
1078 2794 1113 2852 ct
1162 2798 1395 2866 censuerunt,
1429 2807 1494 2852 nec
1526 2795 1654 2876 quarto
1687 2784 1813 2876 quovis
1836 2807 1931 2852 anno
1958 2794 2077 2852 exacto
2109 2783 2150 2851 in

98 2893 350 2954 mutarentur
365 2895 442 2952 tum
457 2881 611 2952 imarum
636 2906 926 2977 summorumque
948 2883 1111 2952 absidum
1162 2907 1277 2952 unum
1311 2885 1531 2974 collegerunt
1561 2885 1676 2968 diem,
1709 2887 1768 2954 sed
1803 2898 1883 2976 post
1915 2886 2150 2955 circumactae

117 2983 239 3070 Solis,
265 2984 486 3077 seuapogaei
508 2997 543 3054 et
565 2985 719 3076 perigaei
743 2989 861 3072 sedes,
887 3000 962 3056 tum
987 2983 1111 3058 ἐκκεν-
1164 2981 1264 3058 1460
1288 2987 1373 3055 tales
1396 2988 1563 3078 periodos
1577 3009 1734 3075 annuas,
1760 2987 1800 3056 in
1815 2997 1927 3056 unum
1955 2987 2151 3056 coniunxc-

118 3079 257 3183 τρότης
279 3086 400 3171 orbis,
433 3087 534 3158 cuius
558 3100 659 3158 motu
681 3087 745 3160 Sol
776 3083 1111 3168 circumveberetur,
1163 3102 1248 3158 runt
1271 3111 1406 3157 annum
1441 3089 1589 3159 totidem
1622 3089 1749 3160 diebus
1774 3089 1991 3162 definitum,
2035 3087 2151 3174 Voca-

118 3191 195 3260 duo
220 3185 360 3258 diversa
383 3189 487 3260 initia
508 3189 746 3261 aestimationi
776 3205 809 3262 et
832 3191 1111 3261 dinumerationi
1163 3205 1317 3284 euntque
1350 3187 1444 3262 hanc
1486 3192 1581 3265 1461
1615 3193 1804 3282 periodum
1837 3187 1966 3262 Graeci
1993 3185 2150 3264 κυνικὸν

117 3313 303 3363 annorum
320 3291 589 3382 praefinierunt,
614 3317 728 3364 unum
745 3306 917 3384 punctum
936 3293 1112 3387 aequino-
1163 3287 1356 3378 ἐνιαυτὸν,
1384 3319 1404 3363 a
1427 3291 1542 3375 Cane,
1570 3295 1633 3388 qui
1653 3296 1876 3366 exoriebatur
1891 3319 1970 3365 cum
1988 3293 2071 3365 Sole
2093 3293 2151 3364 dic

120 3394 184 3464 ctii
218 3393 340 3480 verni,
373 3395 526 3464 alterum
559 3393 796 3466 inerrantium
830 3395 1011 3466 stellarum
1032 3395 1112 3464 ali-
1163 3394 1333 3474 Solstitii,
1351 3419 1422 3487 quo
1438 3409 1596 3486 tempore
1610 3391 1844 3490 Olympiades
1858 3397 2041 3468 institutae
2055 3407 2151 3480 sunt,
2220 3477 2226 3490 ι

117 3519 249 3590 qnam,
276 3508 399 3586 utpote
412 3495 565 3588 primam
580 3497 717 3567 stellam
734 3493 961 3592 ἆστερισμοῦ
977 3489 1112 3566 Arietis
1163 3521 1182 3566 a
1202 3519 1351 3590 quarum
1375 3495 1481 3566 initio
1501 3519 1614 3590 usque
1634 3499 1679 3566 ad
1704 3499 1791 3566 anni
1816 3496 1949 3566 Iuliani
1972 3499 2150 3568 instaura·

119 3612 268 3670 octavae
303 3593 501 3692 Sphaerae,
534 3611 777 3692 vocaruntque
806 3597 976 3680 Annum,
1008 3595 1112 3670 Side·
1143 3599 1297 3668 ,tionem
1319 3597 1509 3668 dimidium
1530 3598 1616 3668 anni
1639 3601 1797 3670 κυνικοῦ
1819 3600 2059 3690 praeterierat.
2099 3593 2147 3668 Et

117 3725 245 3787 reum,
280 3700 439 3792 spacium
466 3701 657 3792 temporis,
695 3725 767 3795 quo
790 3699 855 3772 Sol
886 3703 930 3770 ad
963 3701 1110 3770 eandem
1163 3699 1424 3772 distribuerunt
1439 3693 1536 3772 hunc
1551 3723 1686 3770 annum
1707 3701 1889 3794 aequalem
1906 3700 1945 3769 in
1960 3699 2147 3770 duodecim

118 3804 262 3876 stellam
285 3803 503 3874 inerrantem
518 3803 616 3874 orbis
630 3803 687 3874 sui
704 3803 935 3872 conversione
950 3803 1112 3872 revolve·
1163 3803 1327 3897 aequales
1345 3825 1503 3886 menses,
1526 3803 1566 3872 in
1578 3823 1669 3896 quos
1681 3801 1841 3892 singulos
1857 3803 2001 3893 triginta
2017 3801 2150 3871 retule-

117 3919 232 3979 retur.
260 3903 368 3994 Quod
377 3905 535 3997 spacium
545 3919 794 3998 compererunt
802 3905 1112 3976 observationibus
1162 3917 1248 3976 runt
1265 3905 1357 3990 dies,
1379 3905 1577 3996 superfluos
1601 3904 1760 3998 quinque
1783 3903 1870 3974 anni
1890 3903 2044 3974 termino
2064 3913 2148 3973 ante

118 4007 311 4100 complecti
329 4002 406 4082 365
431 4008 525 4092 dies,
552 4002 611 4079 15.
626 4007 792 4100 scrupula
819 4007 953 4100 prima,
978 4004 1041 4082 24.
1057 4031 1112 4076 se·
1164 4029 1322 4076 mensem
1347 4001 1473 4078 Thoth
1497 4019 1834 4077 annumeraverunt.
1890 4003 2061 4078 Meminit
2081 3999 2149 4074 ho-

118 4109 260 4192 cunda,
287 4107 349 4185 10.
375 4109 496 4182 tertia:
532 4131 594 4181 seu
614 4106 722 4181 horas
743 4109 1021 4203 aequinoctiales
1042 4131 1112 4196 sex,
1164 4131 1246 4179 ram
1277 4109 1457 4178 'mensium
1487 4109 1526 4178 in
1557 4107 1702 4180 Solonis
1741 4103 1890 4180 historia
1932 4105 2148 4182 Herodotus.

118 4211 291 4304 scrupula
307 4210 422 4304 prima
444 4235 591 4299 novem,
615 4213 771 4284 secunda
793 4211 855 4284 40.
878 4212 969 4282 lere:
995 4225 1029 4282 et
1053 4211 1112 4280 vix
1164 4209 1380 4305 Quanquam
1394 4223 1512 4282 autern
1527 4231 1727 4302 congruens
1743 4211 1838 4282 inter
1852 4211 1947 4282 inter
1970 4231 2006 4281 se
2021 4233 2147 4302 perpe·

118 4313 248 4385 multis
269 4313 374 4386 annis
395 4315 552 4386 decursis
573 4329 679 4410 atque
700 4312 829 4384 exactis
844 4314 1109 4408 aliquantulum
1163 4328 1225 4384 tuo
1243 4313 1383 4383 dierum
1400 4313 1486 4382 anni
1504 4336 1694 4398 numerus,
1714 4326 1755 4384 ut
1769 4313 1952 4404 ingeniose
1968 4312 2150 4402 cogitatus,
2174 4384 2178 4392 ,

117 4416 282 4504 variare,
308 4431 343 4488 et
367 4441 444 4488 cam
477 4429 597 4486 tamen
627 4415 862 4489 variationem
894 4415 1010 4506 exigui
1038 4438 1111 4484 esse
1164 4416 1215 4486 sic
1233 4414 1478 4490 notationibus
1496 4429 1714 4506 temporum,
1739 4428 1775 4486 et
1793 4415 1974 4506 inprimis
1990 4413 2148 4482 conden-

117 4519 308 4592 momenti.
363 4511 551 4618 Τροπικὸν
572 4543 678 4600 vero,
708 4519 764 4588 vel
785 4511 965 4614 χρονικὸν
988 4516 1111 4590 ἐνιαυ-
1164 4517 1220 4587 dis
1236 4529 1399 4587 motuum
1414 4517 1619 4587 coelestium
1644 4517 1841 4588 canonibus
1865 4515 2149 4586 accommodatus
2193 4513 2197 4520 ’

118 4617 192 4694 τὸν
207 4613 463 4720 φαινόμενον,
488 4633 684 4692 vertentem
706 4621 762 4691 vel
780 4621 1031 4711 temporalem,
1055 4619 1111 4689 vel
1164 4618 1253 4706 fuit,
1275 4617 1376 4690 cuius
1393 4618 1446 4688 rei
1460 4619 1618 4691 studium
1633 4621 1727 4710 apud
1742 4613 1937 4714 Aegyptios
1960 4615 2149 4708 praecipue

116 4725 324 4796 naturalem
348 4748 483 4796 annum
507 4735 735 4815 apparentem
756 4723 992 4792 nominarunt
1019 4745 1116 4806 eum,
1166 4720 1297 4812 viguit:
1322 4735 1442 4793 tamen
1464 4721 1504 4792 in
1524 4717 1830 4815 aequinoctiorum
1859 4733 1894 4790 et
1916 4718 2150 4790 solstitiorum

119 4851 230 4921 quem
248 4839 350 4896 antea
367 4827 522 4897 diximus
539 4824 634 4898 Solis
653 4848 717 4916 per
731 4821 926 4894 Zodiacum
950 4825 1112 4908 decursu,
1165 4825 1334 4895 continua
1358 4823 1456 4894 velut
1479 4823 1691 4912 migratione
1712 4837 1747 4894 et
1771 4822 1998 4893 oberratione
2011 4820 2149 4914 aliquid

117 4929 398 5025 reversioneque
421 4930 466 4999 ad
491 4929 585 4999 idem
615 4925 830 5021 aequinoctii
854 4939 1026 5020 punctum
1049 4927 1112 4996 de-
1163 4927 1232 4996 fuit
1247 4926 1477 5000 incommodi.
1529 4921 1667 4996 Omnes
1683 4925 1777 4996 euim
1794 4924 1880 5007 anni
1902 4945 2039 4994 menses
2063 4917 2151 4992 haec

117 5031 230 5102 scribi
254 5043 289 5103 ct
310 5027 566 5124 comprehendi
596 5029 881 5125 mutationesque
915 5053 990 5098 non
1024 5053 1111 5100 con·
1165 5040 1343 5098 momenta
1358 5029 1625 5120 perreptabant,
1651 5039 1779 5122 quarto
1797 5026 1923 5119 quovis
1939 5050 2035 5096 anno
2057 5047 2149 5094 nova

117 5135 333 5206 temnendae
357 5135 615 5227 propemodum
644 5131 828 5202 annuatim
854 5131 1009 5224 perpeti,
1031 5121 1111 5201 ⁴hoc
1165 5130 1378 5222 migratione
1401 5132 1445 5200 ad
1470 5131 1714 5222 insequentem
1738 5129 1899 5200 traducta
1927 5129 2040 5213 diem,
2071 5139 2151 5216 post

118 5248 195 5318 est,
221 5237 407 5328 prorogari
423 5237 529 5322 alias,
556 5235 643 5306 alias
661 5233 857 5314 decurtari,
884 5236 1032 5306 adeum
1056 5246 1111 5303 ta-
1165 5247 1247 5305 ante
1270 5231 1451 5302 delinitam
1476 5231 1662 5325 periodum
1690 5230 1860 5324 pristinas
1883 5233 2026 5302 demum
2053 5228 2154 5300 sedes

120 5363 208 5410 men
225 5340 394 5427 modum,
412 5361 460 5409 ne
473 5338 569 5412 ultra
581 5337 653 5408 diei
668 5338 901 5433 quadrantem
916 5359 1021 5428 supra
1038 5350 1111 5406 tre-
1163 5335 1432 5427 recuperabant.
