4906 5986
112 235 186 312 αι
733 229 737 236 ·
917 201 1364 326 suasoriarum
2085 262 2160 340 ua

103 433 223 503 quor,
256 408 326 478 scis
341 433 404 502 pro
421 407 562 504 quibu.
615 411 755 488 Tribuo
772 415 853 509 plus
867 414 952 488 satis
966 411 1114 486 Hierar-
1168 408 1262 502 quod
1287 431 1350 500 ego
1374 433 1416 478 ex
1438 431 1479 480 eo
1504 411 1582 482 solo
1608 417 1765 490 iudicare
1787 438 1949 515 possum,
1980 433 2078 526 quod
2093 458 2171 508 vos.

103 507 214 581 chiae
236 511 468 602 pontificiae?
518 512 617 604 Quid
646 541 730 588 vero
753 517 899 589 tribuo?
949 513 1018 588 Fas
1038 539 1114 586 non
1165 512 1216 581 sic
1238 509 1422 598 iudicetis,
1455 537 1518 583 oro
1541 507 1649 588 huius
1675 521 1937 614 incogitantiae.
2003 531 2163 614 Posthac,

105 626 164 684 est
180 613 299 684 dicere
313 615 456 706 qualem
471 615 564 686 ferre
578 641 759 708 possemus
771 617 996 704 Pontificem,
1022 633 1057 691 et
1071 641 1112 687 eo
1166 635 1225 684 ero
1241 613 1388 688 cautim·
1431 609 1782 707 Haclessutadluats
1807 625 2033 724 Bullingere,
2055 638 2162 728 prio-²
2288 661 2293 672 ’

108 729 216 807 pacto
229 717 418 786 ostendere
437 739 530 811 qnae
544 743 618 790 non
639 722 895 813 responderent
910 744 974 791 suo
990 718 1113 791 ordini
1163 737 1219 786 res
1234 711 1372 801 literas,
1403 715 1463 786 die
1479 713 1634 794 Paschae
1651 726 1696 796 ad
1711 751 1768 798 me
1783 729 1895 805 datas.
2115 804 2119 816 ,
2154 805 2161 816 ,

107 819 174 912 qui
197 816 389 888 Pontifices
413 820 609 890 vocantur?
661 821 727 894 Vel
751 823 903 917 impium
919 821 1112 908 estdicere‚
1264 814 1322 888 Ad
1350 817 1477 890 alteras
1504 831 1585 892 tuas
1611 825 1741 920 literas.
1802 828 1846 902 ln
1871 829 1928 904 his
1950 837 2158 929 plusculum,
2199 875 2203 892 ,

106 943 200 1012 quae
221 919 296 990 sint
320 914 506 992 christiani
529 917 688 994 hominis
709 926 824 998 officia
848 923 984 998 etiamsi
1004 947 1110 994 nemo
1163 918 1273 990 italus
1296 945 1332 990 es
1355 935 1389 994 et
1405 942 1511 1010 grave
1525 921 1720 1014 iminitaris,
1770 921 2153 1014 Commentariun&

106 1021 216 1092 luerit
228 1022 297 1104 ‚vel
318 1043 393 1090 esse
417 1036 536 1114 posset
557 1019 616 1096 hic
635 1026 697 1121 qui
722 1027 785 1098 illa
807 1024 977 1120 impleat?
1026 1023 1110 1098 Non
1162 1019 1201 1088 in
1229 1015 1397 1092 Galatas
1423 1024 1466 1094 de
1494 1049 1566 1118 quo
1599 1031 1773 1122 quereris,
1816 1053 1980 1130 exceptus
2006 1031 2058 1114 est
2078 1067 2155 1136 ,per

111 1124 339 1193 aedificamus
364 1121 541 1194 civitatem
565 1126 802 1220 platonicam,
834 1131 897 1200 sed
923 1127 1110 1220 prodimus
1160 1114 1322 1219 Caspar.
1354 1115 1591 1218 Crucigerum
1624 1133 1844 1224 praelegente
1869 1131 2038 1214 Luthero
2068 1159 2154 1218 ante

117 1225 370 1318 impudentiam
383 1239 525 1312 eorum,
545 1229 608 1322 qui
618 1231 813 1302 verbissihi
822 1243 986 1316 sumunt,
1006 1251 1108 1322 posse
1159 1249 1274 1296 annos
1289 1241 1377 1311 tres,
1409 1250 1524 1318 nuper
1546 1255 1630 1302 vero
1647 1235 1774 1308 editus.
1825 1237 2010 1317 Maledicit
2032 1241 2151 1318 chari-

120 1339 168 1398 tot
190 1323 359 1398 Ecclesiis
384 1327 586 1419 prospicere
611 1355 692 1402 cnm
717 1345 813 1404 certo
841 1335 916 1403 sint
938 1333 1108 1404 omnibus
1160 1328 1222 1400 tati
1243 1341 1278 1398 et
1306 1329 1535 1413 concordiae,
1568 1349 1715 1427 propter
1741 1363 1847 1432 quam
1871 1349 2151 1418 conservandam

127 1430 233 1502 exitio.
282 1422 384 1498 Nihil
397 1441 518 1500 movet
535 1432 682 1526 quidem
697 1435 893 1506 multorum
909 1435 948 1503 in
965 1455 1031 1504 nos
1048 1434 1107 1502 in·
1158 1453 1297 1502 necesse
1317 1430 1362 1500 sit
1382 1430 1580 1520 'periclitari
1602 1440 1750 1510 verbum
1776 1439 1854 1514 Dei.
1912 1443 1956 1516 ln
1977 1443 2042 1522 hac
2066 1473 2149 1520 sen·

129 1532 211 1600 vidia
225 1531 333 1624 inque
355 1523 425 1600 hoc
445 1533 647 1609 eonsilium.
698 1531 835 1606 Mirum
853 1561 959 1630 quam
976 1529 1025 1636 [i]
1042 1557 1106 1624 ego
1158 1532 1266 1602 tentia
1283 1531 1370 1626 quid
1385 1531 1511 1624 impii?
1546 1534 1615 1606 Sed
1632 1537 1932 1618 sacramentarios
1946 1551 2030 1621 facit
2043 1551 2150 1623 talem

130 1633 220 1704 istam
242 1631 414 1702 invidiam
439 1633 490 1724 sic
515 1639 646 1723 evado,
684 1651 856 1731 quantum
879 1638 1024 1731 quidem
1048 1660 1105 1708 me
1157 1635 1383 1702 concordiam
1413 1637 1590 1725 petentes!
1643 1639 1717 1728 Qui
1744 1659 1828 1716 sunt
1851 1647 2151 1738 sacramentarii?

129 1730 283 1806 hactenus
305 1734 434 1804 rescire
460 1737 645 1828 contingit.
696 1735 756 1810 Ad
778 1751 1105 1833 quotumquemque
1157 1733 1225 1807 lllc
1237 1734 1537 1808 sacramentarios
1555 1739 1740 1831 intelligit,
1774 1748 1836 1838 qui
1855 1745 2149 1848 nihilquampa-
2220 1749 2238 1799 i

131 1829 588 1928 pervenithocconsilium?
627 1835 677 1910 At
692 1865 795 1922 vero,
822 1841 870 1908 mi
886 1837 1105 1930 Bullingcre,
1156 1861 1237 1905 nem
1255 1837 1419 1908 elvirum
1438 1837 1722 1914 inSacramento
1740 1867 1980 1941 esseponunt.
2040 1855 2148 1928 Talea

134 1938 364 2008 circumierunt
388 1937 537 2030 qnidam
558 1955 760 2032 excerptum
783 1945 964 2036 quoddam
987 1965 1103 2014 exre·
1154 1963 1218 2012 vos
1240 1963 1315 2010 non
1337 1937 1430 2010 estis.
1490 1937 1593 2014 Nihil
1609 1944 1717 2034 igitur
1735 1941 1802 2018 hoc
1823 1953 1868 2022 ad
1892 1977 1965 2029 vos.
2017 1951 2069 2030 At
2084 1959 2148 2050 ille,

132 2063 247 2131 sponso
259 2032 432 2134 Philippi
441 2040 687 2134 depravatum:
714 2045 775 2114 sed
792 2067 871 2114 cum
889 2043 1026 2114 nonsit
1044 2041 1103 2112 in·
1154 2063 1220 2110 nos
1240 2035 1308 2110 hoc
1333 2039 1478 2112 nomine
1508 2041 1702 2136 intelligit?
1751 2046 1876 2140 Dolet,
1913 2057 2000 2150 quid
2025 2071 2145 2133 autem

127 2143 249 2229 solens,
284 2141 368 2212 illos
393 2163 507 2232 nugas
529 2141 770 2232 circumlerre,
803 2169 867 2235 ego
892 2129 1102 2216 n0n⁴audi0
1153 2141 1304 2214 faciam?
1357 2141 1430 2214 Vos
1455 2149 1707 2239 quoquedum
1730 2151 1855 2224 formis
1868 2155 1922 2228 uti
1940 2156 2146 2252 scripturae

124 2243 181 2336 qui
205 2244 248 2316 ita
270 2257 496 2318 moveantur.
554 2239 781 2322 Etcuirnica
801 2247 1007 2342 aequitatis,
1039 2247 1102 2340 qui
1154 2257 1188 2314 et
1211 2241 1358 2315 Patrum
1381 2246 1730 2334 detrectatis,.aliud
1747 2253 1802 2324 illi
1825 2257 2146 2352 devohispersuas

121 2345 240 2436 scripta
256 2359 376 2418 nostra
389 2343 534 2436 publica
549 2343 636 2438 legit
654 2349 699 2420 de
716 2343 772 2419 his
786 2349 872 2448 ipsis
886 2351 993 2418 rebus
1008 2349 1101 2418 edita
1153 2347 1236 2416 dere
1258 2371 1331 2416 non
1356 2369 1510 2438 possum.
1569 2349 1837 2443 lmpugnandus
1858 2358 1968 2450 igitur
1990 2363 2057 2434 tibi
2072 2365 2146 2450 esti,

118 2461 196 2518 ante
210 2461 241 2517 et
259 2461 339 2538 post
358 2447 440 2520 data
457 2447 520 2518 illa
542 2471 727 2542 responsa,
758 2473 804 2520 an
819 2451 863 2520 de
879 2450 983 2530 nobis
1005 2449 1102 2520 iudi·
1153 2444 1287 2518 Verum
1304 2449 1332 2517 si
1348 2449 1454 2518 officii
1469 2449 1538 2520 mei
1556 2452 1602 2522 sit
1617 2453 1824 2546 impugnare
1839 2483 1963 2540 omnes
1976 2487 2054 2552 eos,
2079 2467 2144 2562 qui

117 2561 169 2618 cet
184 2573 221 2618 er
236 2543 373 2618 schedis
390 2573 478 2640 quas
500 2549 754 2623 circumferunt
775 2553 940 2644 privatim
960 2547 1102 2622 hostes?
1153 2544 1242 2618 mihi
1263 2553 1308 2618 de
1331 2550 1411 2620 aliis
1434 2552 1526 2622 male
1549 2552 1707 2627 iudicare
1733 2559 1918 2649 videntur,
1950 2566 1980 2634 si
2006 2567 2073 2654 sic,
2107 2583 2143 2642 et

115 2647 272 2720 Fuerunt
287 2646 416 2721 horum
432 2647 700 2742 Responsorum
716 2679 820 2726 causa
846 2653 929 2724 irati
947 2655 1051 2724 nobis
1066 2666 1101 2723 et
1152 2673 1215 2719 vos
1232 2647 1323 2720 milri
1344 2651 1577 2747 impugnandi
1600 2658 1716 2746 eritis,
1751 2662 1833 2754 quia
1857 2664 1901 2734 de
1924 2661 2082 2740 Luthero
2106 2683 2142 2752 et

113 2752 178 2820 alii
197 2751 331 2845 quidam
345 2751 452 2824 amici
466 2765 501 2822 et
513 2754 640 2824 fratrea
654 2756 759 2845 longe
774 2753 1100 2834 observandissimi,
1151 2752 1230 2822 aliis
1246 2752 1408 2824 iudicatis
1425 2757 1521 2846 quod
1537 2757 1609 2826 scio
1623 2782 1721 2830 secus
1733 2756 1876 2864 habere.
1926 2763 1978 2840 At
1995 2765 2140 2844 Christo

115 2853 202 2944 quia
217 2854 328 2948 itaque
343 2855 438 2943 apud
455 2853 537 2924 illoa
550 2871 584 2928 et
601 2863 662 2952 voa¹
680 2858 802 2938 video,
827 2858 940 2926 nostri
959 2854 1099 2928 consilii
1151 2854 1237 2924 olim
1259 2854 1377 2924 iudice
1398 2853 1466 2945 ipsi
1490 2881 1632 2950 quoque
1654 2843 1868 2951 agniscetia,
1903 2873 2008 2960 quam
2033 2872 2141 2963 longe
2284 2943 2289 2950 ,

110 2955 282 3024 rationem
313 2958 357 3026 de
378 2951 574 3047 Responsio
602 2955 680 3028 istis
702 2955 773 3030 tam
798 2959 1023 3044 molestare,
1065 2969 1099 3028 et
1150 2955 1315 3050 abomni
1337 2956 1465 3048 pietate
1489 2958 1535 3028 sit
1555 2959 1649 3030 istud
1673 2958 1993 3058 quodLuthcrum
2013 2974 2140 3048 scribis

109 3055 172 3126 illa
187 3057 223 3126 in
236 3053 384 3130 Francia
401 3081 527 3149 pamm
543 3052 680 3140 adbuc,
706 3061 800 3156 quod
817 3059 961 3156 quidem
977 3059 1098 3146 audio,
1150 3057 1307 3128 dissidiis
1321 3057 1513 3130 excitandis
1531 3074 1567 3132 et
1581 3061 1744 3138 fovendis
1759 3079 1894 3147 natum.
1942 3067 2139 3167 Evangelio

109 3161 153 3227 ad
176 3158 214 3229 id
235 3159 469 3254 conferrejad
498 3163 595 3254 quod
620 3164 701 3233 data
730 3175 834 3243 sunt,
869 3162 991 3231 malim
1022 3185 1096 3230 nou
1149 3155 1284 3246 Christi
1304 3157 1384 3230 lesu
1404 3161 1589 3232 excitando
1619 3177 1653 3236 et
1679 3167 1833 3252 fovendo
1855 3183 1961 3244 natus
1984 3187 2054 3262 est,
2087 3177 2138 3250 mi

107 3261 205 3334 data.
252 3256 398 3332 Atvero
421 3261 478 3331 vel
498 3260 537 3331 iu
558 3284 595 3334 te
612 3265 701 3334 adeo
714 3263 806 3334 male
822 3263 982 3334 consulta
1003 3273 1098 3348 sunt,
1147 3259 1375 3353 Bullingere,
1409 3261 1447 3332 id
1477 3287 1606 3355 operae
1634 3267 1741 3339 etiarn
1772 3273 1958 3362 praestitit.
2019 3275 2139 3372 lmpe-

108 3361 167 3430 cel
190 3373 302 3432 tamen
327 3361 505 3434 dederunt
527 3359 696 3436 Ecclesiis
719 3364 870 3451 damni,
896 3364 980 3460 quia
1007 3387 1098 3434 neu-
1148 3364 1280 3435 tentius
1304 3377 1430 3436 tractat
1449 3365 1669 3439 adversarios
1688 3374 1861 3446 tamfalsa
1884 3374 1953 3468 ipsi
1967 3379 2138 3472 opinione

107 3475 200 3534 trum
222 3477 442 3556 compertum
466 3459 601 3550 habeo,
631 3489 707 3538 non
728 3479 872 3560 apparet
901 3461 991 3536 mihi
1012 3489 1097 3536 cau·
1146 3466 1301 3537 creditos
1331 3489 1438 3558 quam
1470 3489 1584 3544 veros.
1657 3469 1737 3544 Hoc
1764 3487 1884 3546 tamen
1917 3502 2041 3552 verum
2074 3497 2140 3572 est,

108 3587 235 3634 samer
251 3561 308 3636 his
323 3567 450 3647 luisse,
481 3591 546 3638 cur
564 3579 749 3660 tantopere
770 3591 952 3658 angantur.
1002 3564 1095 3638 Nam
1146 3565 1263 3658 ipsum
1295 3567 1389 3637 nulli
1421 3591 1579 3658 unquam
1608 3572 1742 3644 belluna
1776 3577 1938 3662 intulisse
1970 3582 2138 3676 priorem.
2209 3629 2218 3656 s

107 3665 143 3736 id
158 3665 242 3737 falso
255 3667 381 3738 falsius
396 3680 467 3753 est,
496 3669 625 3764 cuique
639 3668 679 3738 in
695 3667 814 3741 Gallia
829 3669 1012 3740 occasione
1028 3663 1095 3737 lao-
1146 3665 1362 3738 Provocatus
1377 3679 1428 3739 est
1443 3693 1463 3738 a
1477 3665 1649 3760 Pspiuis,.
1679 3692 1889 3767 provocatus
1907 3693 1959 3752 est
1981 3707 2001 3754 a
2016 3679 2138 3754 Mun-

106 3791 184 3836 mm
196 3765 465 3858 Responsorum
481 3769 778 3864 aliquid-periculi
796 3785 949 3842 creatum
975 3769 1093 3842 luisse.
1144 3791 1228 3840 zero
1248 3783 1282 3860 et
1303 3758 1587 3866 Carolosladt'o,
1620 3799 1700 3846 cum
1726 3803 1797 3871 quo
1819 3794 1854 3854 et
1872 3781 1985 3852 lacere
1998 3787 2137 3876 putavit

108 3863 155 3939 Et
177 3869 346 3963 siqnidem
371 3869 568 3942 Pontificiis
589 3866 675 3942 haec
698 3869 882 3964 Responsa
909 3893 984 3942 non
1007 3895 1094 3940 con·
1144 3867 1363 3964 Zoiogle'um
1389 3885 1425 3943 et
1446 3863 1795 3973 oecolampadium3
1828 3875 1894 3952 hos
1911 3883 2004 3956 inter
2018 3879 2137 3960 hostes

107 3971 295 4054 oeduntur,
331 3995 443 4068 quum
459 3971 609 4065 capitale
624 3972 732 4044 suerit
747 3997 838 4068 quae
857 3973 895 4042 iu
912 3971 962 4042 eis
978 3973 1093 4042 conti·
1143 3969 1614 4062 carotosoatanoshabuic,
1644 4003 1756 4072 quum
1773 3983 1878 4054 etiam
1894 3983 1992 4076 (lieet
2012 3989 2136 4060 moda-

108 4086 231 4144 nentur
241 4073 419 4166 profiteri3
445 4097 519 4144 non
530 4075 646 4145 solum
657 4070 903 4176 Lutheranum
913 4076 974 4144 sed
986 4073 1106 4169 etiam·
1143 4073 1247 4169 atius)
1270 4075 1406 4165 priores
1430 4090 1550 4147 tamen
1570 4081 2044 4158 sententiamLutheranam
2058 4091 2135 4162 vel-

108 4167 350 4246 Erasmianum
364 4197 458 4260 ease,
484 4175 559 4246 imo
575 4199 649 4246 non
666 4201 795 4267 purum
812 4190 898 4269 puto
913 4173 1091 4268 Papiatam
1142 4177 1304 4251 licerent.
1319 4187 1323 4194 '
1352 4174 1420 4247 His
1436 4191 1555 4249 tamen
1568 4203 1643 4284 non
1656 4207 1783 4258 excuso
1797 4185 1866 4256 viri
1880 4187 2136 4282 impetentiam,

109 4298 194 4362 esse,
225 4291 260 4348 et
275 4277 312 4346 id
328 4277 443 4348 modis
458 4278 626 4350 omnibus
642 4279 817 4370 profiteri,
849 4278 932 4348 satis
945 4281 988 4348 ad
1002 4299 1092 4368 sup-
1141 4280 1202 4348 aed
1224 4279 1308 4372 quia
1331 4279 1404 4350 acio
1428 4277 1623 4352 Dominum
1648 4281 1764 4356 lesum
1785 4313 1865 4360 eum
1890 4314 1978 4382 pure
1992 4295 2134 4385 praedi·

111 4377 343 4466 pliciumloit.
384 4377 507 4466 Nunc,
531 4403 611 4450 cum
627 4401 704 4466 eos,
727 4379 987 4474 quisugerunt,
1011 4377 1090 4450 Rex
1141 4403 1237 4450 casse
1257 4393 1362 4474 atque
1386 4381 1588 4472 praedicare
1609 4381 1841 4482 (exceptaque
1867 4391 1931 4463 ista
1956 4393 2132 4483 importu-

112 4493 243 4552 revocat
281 4481 363 4552 data
393 4480 518 4564 venia,
561 4479 786 4572 excipiuntur
814 4481 1090 4556 sacramentarii.
1140 4481 1251 4553 nitate
1272 4481 1310 4552 iu
1325 4483 1558 4574 adversarios)
1581 4487 1687 4556 etiarn
1709 4489 1847 4568 vivere.
1878 4495 2133 4586 quiadeniqua

111 4573 249 4676 Atquae
263 4575 372 4652 huius
386 4581 424 4652 in
436 4581 752 4674 nostrisresponsis
766 4605 888 4670 causa,
911 4607 991 4654 cum
1002 4577 1089 4652 Phi·
1140 4596 1276 4654 tantum
1306 4584 1492 4654 universae
1519 4581 1698 4658 Ecclesiae
1725 4591 1801 4661 eius
1824 4593 1963 4664 labores
1987 4597 2131 4686 prolua-

109 4678 212 4774 lippos
225 4707 345 4754 meam
359 4684 484 4774 probet
504 4685 544 4754 iu
560 4685 735 4758 sententia
748 4679 998 4755 Eucharistiae.
1010 4709 1088 4754 mo·
1139 4699 1245 4771 runt,
1277 4709 1341 4776 ego
1368 4709 1441 4756 nou
1464 4710 1606 4778 possum
1636 4715 1709 4766 non
1734 4695 1936 4782 gravissime
1962 4696 2130 4790 accipere,

109 4783 313 4855 demtionem
329 4799 364 4856 et
379 4807 442 4875 ego
458 4787 684 4856 concordiam
701 4786 738 4856 iu
761 4809 799 4856 re
822 4809 895 4856 esse
912 4787 1005 4862 inter
1022 4809 1088 4856 uos
1138 4801 1299 4879 quaem,
1323 4785 1549 4878 Bullingere,
1572 4787 1662 4860 mihi
1678 4794 1839 4888 alioquin
1855 4796 1999 4885 ingenio
2014 4815 2130 4888 natus,

109 4885 283 4976 profitear?
334 4885 405 4958 Sed
428 4887 513 4958 satis
535 4889 579 4958 de
602 4881 669 4962 his.
720 4883 770 4958 At
787 4887 912 4962 Gallos
936 4889 1013 4958 sine
1028 4911 1086 4956 ex·
1138 4890 1313 4959 sicaudes
1336 4890 1489 4959 scribere
1514 4887 1750 4979 deLuthero‚
1782 4897 1842 4989 qui
1867 4909 2050 4990 tantopere
2070 4903 2162 4979 in..

110 4986 253 5078 ceptione
268 4989 428 5060 lubricos
446 5001 480 5059 et
497 4989 640 5061 dallaces
656 4989 754 5062 facis.
805 4989 888 5060 Scio
904 5003 938 5060 te
954 4991 991 5059 id
1011 5013 1084 5058 non
1137 5013 1244 5084 qrram
1259 4987 1437 5063 Ecclesiae
1449 4987 1516 5062 Dei
1532 4996 1779 5066 commodavit.
1832 4993 1922 5067 Nam
1939 5013 1979 5070 ut
1993 5004 2037 5074 de
2053 5003 2128 5076 sola

110 5089 275 5180 aspiritu
290 5085 429 5162 Christi
447 5091 573 5165 lacere.
623 5087 768 5188 leenim
784 5093 987 5171 nosdocet,
1019 5114 1085 5162 nos
1136 5091 1298 5161 versione
1314 5089 1517 5162 Bibliorum
1539 5095 1682 5188 loquar,
1715 5109 1869 5189 quantus
1895 5100 1926 5170 is
1941 5097 2128 5176 thesaurus

110 5212 141 5258 er
159 5205 281 5264 natura
308 5215 351 5262 er
380 5215 492 5287 aequo
517 5213 640 5262 omnes
663 5194 820 5282 perditos
843 5217 935 5280 esse,
967 5194 1084 5281 ipsum
1135 5193 1209 5264 est?
1258 5189 1433 5264 Existimo
1448 5196 1543 5262 enim
1554 5219 1616 5264 vos
1629 5221 1702 5266 non
1717 5199 1887 5287 inficiari,
1909 5229 2016 5296 quam
2030 5205 2125 5274 mul-

109 5305 206 5362 aotem
224 5295 269 5364 ad
284 5293 586 5382 regenerationem
605 5295 741 5363 nullam
764 5303 903 5384 gentem
919 5294 1083 5368 abiicere.
1133 5307 1168 5364 ta
1184 5293 1224 5363 in
1240 5309 1353 5366 cestra
1371 5297 1533 5366 versione
1548 5297 1745 5370 desiderata
1761 5324 1900 5397 semper
1913 5305 1995 5392 sint,
2019 5301 2124 5378 etiam

107 5387 260 5478 Attamen
292 5395 377 5490 quia
411 5415 569 5489 peccasse
599 5396 689 5468 adeo
718 5391 776 5468 hic
808 5398 914 5469 nohis
946 5397 1083 5484 videor,
1132 5395 1275 5490 abipso
1299 5391 1599 5490 Oecolampadio,
1639 5413 1675 5472 et
1695 5415 1847 5478 utnunc
1866 5406 1969 5478 rideo
1986 5405 2125 5503 abipso
