<?xml version="1.0" encoding="UTF-8"?>
<!DOCTYPE html PUBLIC "-//W3C//DTD XHTML 1.0 Transitional//EN"
    "http://www.w3.org/TR/xhtml1/DTD/xhtml1-transitional.dtd">
<html xmlns="http://www.w3.org/1999/xhtml" xml:lang="en" lang="en">
 <head>
  <title>
</title>
<meta http-equiv="Content-Type" content="text/html;charset=utf-8" />
  <meta name='ocr-system' content='tesseract 3.04.00' />
  <meta name='ocr-capabilities' content='ocr_page ocr_carea ocr_par ocr_line ocrx_word'/>
</head>
<body>
  <div class='ocr_page' id='page_1' title='image "./philippimelanth07bindgoog/philippimelanth07bindgoog_0455.png"; bbox 0 0 4884 5950; ppageno 0'>
   <div class='ocr_carea' id='block_1_1' title="bbox 149 153 2201 256">
    <p class='ocr_par' dir='ltr' id='par_1_1' title="bbox 149 87 2201 256">
     <span class='ocr_line' id='line_1_1' title="bbox 149 153 2201 256; baseline -0.006 -9"><span class='ocrx_word' id='word_1_1' title='bbox 149 165 223 247; x_wconf 71' lang='lat'><strong>⁸81</strong></span> <span class='ocrx_word' id='word_1_2' title='bbox 456 153 459 158; x_wconf 70' lang='grc'><strong>’</strong></span> <span class='ocrx_word' id='word_1_3' title='bbox 740 157 1159 256; x_wconf 82' lang='lat' dir='ltr'><strong>QUAESTIONES</strong></span> <span class='ocrx_word' id='word_1_4' title='bbox 1189 156 1597 236; x_wconf 83' lang='lat' dir='ltr'><strong>ACADEMICAE.</strong></span> <span class='ocrx_word' id='word_1_5' title='bbox 2123 162 2201 252; x_wconf 63' lang='lat'><strong>882</strong></span> 
     </span>
    </p>
   </div>
   <div class='ocr_carea' id='block_1_2' title="bbox 112 331 2188 1762">
    <p class='ocr_par' dir='ltr' id='par_1_2' title="bbox 112 331 2188 1762">
     <span class='ocr_line' id='line_1_2' title="bbox 152 331 2188 430; baseline -0.001 -20"><span class='ocrx_word' id='word_1_6' title='bbox 152 335 314 412; x_wconf 78' lang='lat' dir='ltr'><strong>tionibus</strong></span> <span class='ocrx_word' id='word_1_7' title='bbox 336 335 411 408; x_wconf 90' lang='lat' dir='ltr'><strong>nati</strong></span> <span class='ocrx_word' id='word_1_8' title='bbox 427 331 587 420; x_wconf 85' lang='lat' dir='ltr'><strong>Catarri,</strong></span> <span class='ocrx_word' id='word_1_9' title='bbox 610 358 630 404; x_wconf 93' lang='lat' dir='ltr'><strong>a</strong></span> <span class='ocrx_word' id='word_1_10' title='bbox 651 334 766 428; x_wconf 85' lang='lat' dir='ltr'><strong>capite</strong></span> <span class='ocrx_word' id='word_1_11' title='bbox 787 336 826 405; x_wconf 91' lang='lat' dir='ltr'><strong>in</strong></span> <span class='ocrx_word' id='word_1_12' title='bbox 842 358 1070 430; x_wconf 86' lang='lat' dir='ltr'><strong>quascunque</strong></span> <span class='ocrx_word' id='word_1_13' title='bbox 1084 335 1148 405; x_wconf 88' lang='lat' dir='ltr'><strong>de-</strong></span> <span class='ocrx_word' id='word_1_14' title='bbox 1197 336 1385 422; x_wconf 84' lang='lat' dir='ltr'><strong>cecnndiu‚</strong></span> <span class='ocrx_word' id='word_1_15' title='bbox 1416 358 1522 428; x_wconf 91' lang='lat' dir='ltr'><strong>quam</strong></span> <span class='ocrx_word' id='word_1_16' title='bbox 1550 333 1778 428; x_wconf 86' lang='lat' dir='ltr'><strong>praecipuam</strong></span> <span class='ocrx_word' id='word_1_17' title='bbox 1807 356 1880 406; x_wconf 86' lang='lat' dir='ltr'><strong>esse</strong></span> <span class='ocrx_word' id='word_1_18' title='bbox 1910 336 1949 409; x_wconf 88' lang='lat' dir='ltr'><strong>in</strong></span> <span class='ocrx_word' id='word_1_19' title='bbox 1980 331 2188 410; x_wconf 79' lang='lat' dir='ltr'><strong>iunioribus</strong></span> 
     </span>
     <span class='ocr_line' id='line_1_3' title="bbox 149 430 2186 532; baseline 0.001 -22"><span class='ocrx_word' id='word_1_20' title='bbox 149 441 323 512; x_wconf 87' lang='lat' dir='ltr'><strong>labuntur</strong></span> <span class='ocrx_word' id='word_1_21' title='bbox 343 463 383 515; x_wconf 88' lang='lat' dir='ltr'><strong>ac</strong></span> <span class='ocrx_word' id='word_1_22' title='bbox 398 439 567 512; x_wconf 87' lang='lat' dir='ltr'><strong>desidunt</strong></span> <span class='ocrx_word' id='word_1_23' title='bbox 582 450 719 530; x_wconf 87' lang='lat' dir='ltr'><strong>partes,</strong></span> <span class='ocrx_word' id='word_1_24' title='bbox 743 438 783 508; x_wconf 90' lang='lat' dir='ltr'><strong>in</strong></span> <span class='ocrx_word' id='word_1_25' title='bbox 798 437 932 508; x_wconf 77' lang='lat' dir='ltr'>cerebri</span> <span class='ocrx_word' id='word_1_26' title='bbox 949 437 1089 517; x_wconf 86' lang='lat' dir='ltr'><strong>sinibus</strong></span> <span class='ocrx_word' id='word_1_27' title='bbox 1105 461 1146 508; x_wconf 88' lang='lat' dir='ltr'><strong>ac</strong></span> <span class='ocrx_word' id='word_1_28' title='bbox 1195 451 1357 532; x_wconf 82' lang='lat' dir='ltr'><strong>oportet,</strong></span> <span class='ocrx_word' id='word_1_29' title='bbox 1379 436 1472 508; x_wconf 89' lang='lat' dir='ltr'><strong>sicut</strong></span> <span class='ocrx_word' id='word_1_30' title='bbox 1486 435 1667 508; x_wconf 80' lang='lat' dir='ltr'>Homerus</span> <span class='ocrx_word' id='word_1_31' title='bbox 1682 437 1819 532; x_wconf 88' lang='lat' dir='ltr'><strong>inquit,</strong></span> <span class='ocrx_word' id='word_1_32' title='bbox 1846 431 1962 520; x_wconf 65' lang='lat' dir='ltr'><strong>oldris</strong></span> <span class='ocrx_word' id='word_1_33' title='bbox 1976 432 2014 510; x_wconf 79' lang='grc' dir='ltr'><strong>δ’</strong></span> <span class='ocrx_word' id='word_1_34' title='bbox 2030 430 2080 512; x_wconf 83' lang='grc' dir='ltr'><strong>αὖ</strong></span> <span class='ocrx_word' id='word_1_35' title='bbox 2098 435 2186 514; x_wconf 83' lang='grc' dir='ltr'><strong><em>νέον</em></strong></span> 
     </span>
     <span class='ocr_line' id='line_1_4' title="bbox 148 534 2185 639; baseline -0 -27"><span class='ocrx_word' id='word_1_36' title='bbox 148 542 333 636; x_wconf 86' lang='lat' dir='ltr'><strong>plicaturis</strong></span> <span class='ocrx_word' id='word_1_37' title='bbox 363 555 457 620; x_wconf 81' lang='lat' dir='ltr'><strong>extra</strong></span> <span class='ocrx_word' id='word_1_38' title='bbox 481 565 648 615; x_wconf 79' lang='lat' dir='ltr'><strong>vasorum</strong></span> <span class='ocrx_word' id='word_1_39' title='bbox 670 554 805 617; x_wconf 84' lang='lat' dir='ltr'><strong>meatus</strong></span> <span class='ocrx_word' id='word_1_40' title='bbox 828 540 1068 630; x_wconf 87' lang='lat' dir='ltr'><strong>colliguntur,</strong></span> <span class='ocrx_word' id='word_1_41' title='bbox 1101 541 1146 610; x_wconf 90' lang='lat' dir='ltr'><strong>de</strong></span> <span class='ocrx_word' id='word_1_42' title='bbox 1195 539 1272 612; x_wconf 78' lang='grc' dir='ltr'><strong><em>ἐστι</em></strong></span> <span class='ocrx_word' id='word_1_43' title='bbox 1292 534 1509 639; x_wconf 73' lang='grc' dir='ltr'><strong><em>γεραίτερον</em></strong></span> <span class='ocrx_word' id='word_1_44' title='bbox 1533 536 1741 636; x_wconf 77' lang='grc' dir='ltr'><strong><em>ἒξρέεσθαι,</em></strong></span> <span class='ocrx_word' id='word_1_45' title='bbox 1768 539 1951 630; x_wconf 85' lang='lat' dir='ltr'><strong>movebat,</strong></span> <span class='ocrx_word' id='word_1_46' title='bbox 1974 541 2073 612; x_wconf 89' lang='lat' dir='ltr'><strong>nein</strong></span> <span class='ocrx_word' id='word_1_47' title='bbox 2088 535 2185 614; x_wconf 88' lang='lat' dir='ltr'><strong>hunc</strong></span> 
     </span>
     <span class='ocr_line' id='line_1_5' title="bbox 149 641 2186 738; baseline -0.001 -22"><span class='ocrx_word' id='word_1_48' title='bbox 149 643 305 717; x_wconf 80' lang='lat' dir='ltr'><strong>densatis</strong></span> <span class='ocrx_word' id='word_1_49' title='bbox 318 645 355 712; x_wconf 90' lang='lat' dir='ltr'><strong>in</strong></span> <span class='ocrx_word' id='word_1_50' title='bbox 374 644 530 738; x_wconf 75' lang='lat' dir='ltr'><strong>liquores</strong></span> <span class='ocrx_word' id='word_1_51' title='bbox 543 643 735 736; x_wconf 81' lang='lat' dir='ltr'><strong>vaporibus</strong></span> <span class='ocrx_word' id='word_1_52' title='bbox 750 642 892 728; x_wconf 68' lang='lat' dir='ltr'><strong>crudis,</strong></span> <span class='ocrx_word' id='word_1_53' title='bbox 906 643 1035 736; x_wconf 90' lang='lat' dir='ltr'><strong>quibus</strong></span> <span class='ocrx_word' id='word_1_54' title='bbox 1049 666 1145 712; x_wconf 91' lang='lat' dir='ltr'><strong>cere-</strong></span> <span class='ocrx_word' id='word_1_55' title='bbox 1194 645 1313 713; x_wconf 90' lang='lat' dir='ltr'><strong>locum</strong></span> <span class='ocrx_word' id='word_1_56' title='bbox 1336 643 1532 734; x_wconf 86' lang='lat' dir='ltr'><strong>prodirem:</strong></span> <span class='ocrx_word' id='word_1_57' title='bbox 1559 656 1678 714; x_wconf 91' lang='lat' dir='ltr'><strong>tamen</strong></span> <span class='ocrx_word' id='word_1_58' title='bbox 1699 667 1740 712; x_wconf 92' lang='lat' dir='ltr'><strong>eo</strong></span> <span class='ocrx_word' id='word_1_59' title='bbox 1756 641 1927 714; x_wconf 83' lang='lat' dir='ltr'><strong>libentius</strong></span> <span class='ocrx_word' id='word_1_60' title='bbox 1942 643 2186 738; x_wconf 86' lang='lat' dir='ltr'><strong>obtemperavi</strong></span> 
     </span>
     <span class='ocr_line' id='line_1_6' title="bbox 149 739 2186 838; baseline -0 -20"><span class='ocrx_word' id='word_1_61' title='bbox 149 749 255 824; x_wconf 85' lang='lat' dir='ltr'><strong>hrum</strong></span> <span class='ocrx_word' id='word_1_62' title='bbox 279 747 454 820; x_wconf 83' lang='lat' dir='ltr'><strong>imbuitur</strong></span> <span class='ocrx_word' id='word_1_63' title='bbox 478 760 512 818; x_wconf 92' lang='lat' dir='ltr'><strong>et</strong></span> <span class='ocrx_word' id='word_1_64' title='bbox 534 747 727 838; x_wconf 83' lang='lat' dir='ltr'><strong>opplentur</strong></span> <span class='ocrx_word' id='word_1_65' title='bbox 748 768 831 814; x_wconf 89' lang='lat' dir='ltr'><strong>cava</strong></span> <span class='ocrx_word' id='word_1_66' title='bbox 849 745 942 814; x_wconf 89' lang='lat' dir='ltr'><strong>intra</strong></span> <span class='ocrx_word' id='word_1_67' title='bbox 959 746 1143 814; x_wconf 86' lang='lat' dir='ltr'><strong>cerebrum</strong></span> <span class='ocrx_word' id='word_1_68' title='bbox 1194 744 1516 838; x_wconf 84' lang='lat' dir='ltr'><strong>Praeceptoribus,</strong></span> <span class='ocrx_word' id='word_1_69' title='bbox 1538 769 1595 814; x_wconf 88' lang='lat' dir='ltr'><strong>me</strong></span> <span class='ocrx_word' id='word_1_70' title='bbox 1625 745 1663 814; x_wconf 93' lang='lat' dir='ltr'><strong>in</strong></span> <span class='ocrx_word' id='word_1_71' title='bbox 1694 739 1792 816; x_wconf 90' lang='lat' dir='ltr'><strong>hunc</strong></span> <span class='ocrx_word' id='word_1_72' title='bbox 1820 745 1938 818; x_wconf 91' lang='lat' dir='ltr'><strong>locum</strong></span> <span class='ocrx_word' id='word_1_73' title='bbox 1962 746 2186 832; x_wconf 70' lang='lat' dir='ltr'><strong>ducentibus,</strong></span> 
     </span>
     <span class='ocr_line' id='line_1_7' title="bbox 150 841 2186 942; baseline -0.001 -21"><span class='ocrx_word' id='word_1_74' title='bbox 150 863 185 922; x_wconf 88' lang='lat' dir='ltr'><strong>et</strong></span> <span class='ocrx_word' id='word_1_75' title='bbox 200 849 360 922; x_wconf 88' lang='lat' dir='ltr'><strong>cranium</strong></span> <span class='ocrx_word' id='word_1_76' title='bbox 379 848 505 942; x_wconf 87' lang='lat' dir='ltr'><strong>spacia.</strong></span> <span class='ocrx_word' id='word_1_77' title='bbox 557 844 606 920; x_wconf 82' lang='lat' dir='ltr'><strong>At</strong></span> <span class='ocrx_word' id='word_1_78' title='bbox 621 842 865 938; x_wconf 83' lang='lat' dir='ltr'><strong>phlebotomia</strong></span> <span class='ocrx_word' id='word_1_79' title='bbox 881 860 915 917; x_wconf 93' lang='lat' dir='ltr'><strong>et</strong></span> <span class='ocrx_word' id='word_1_80' title='bbox 930 845 1144 917; x_wconf 85' lang='lat' dir='ltr'><strong>scarificatus</strong></span> <span class='ocrx_word' id='word_1_81' title='bbox 1193 848 1276 942; x_wconf 91' lang='lat' dir='ltr'><strong>quia</strong></span> <span class='ocrx_word' id='word_1_82' title='bbox 1298 849 1425 918; x_wconf 91' lang='lat' dir='ltr'><strong>volunt</strong></span> <span class='ocrx_word' id='word_1_83' title='bbox 1446 873 1502 916; x_wconf 90' lang='lat' dir='ltr'><strong>mc</strong></span> <span class='ocrx_word' id='word_1_84' title='bbox 1520 870 1594 917; x_wconf 91' lang='lat' dir='ltr'><strong>non</strong></span> <span class='ocrx_word' id='word_1_85' title='bbox 1610 871 1683 918; x_wconf 89' lang='lat' dir='ltr'><strong>esse</strong></span> <span class='ocrx_word' id='word_1_86' title='bbox 1698 849 1856 917; x_wconf 83' lang='lat' dir='ltr'><strong>ociosum</strong></span> <span class='ocrx_word' id='word_1_87' title='bbox 1872 859 2102 938; x_wconf 81' lang='lat' dir='ltr'><strong>spectatorem</strong></span> <span class='ocrx_word' id='word_1_88' title='bbox 2118 841 2186 918; x_wconf 88' lang='lat' dir='ltr'><strong>ho-</strong></span> 
     </span>
     <span class='ocr_line' id='line_1_8' title="bbox 148 943 2183 1044; baseline -0.001 -20"><span class='ocrx_word' id='word_1_89' title='bbox 148 965 290 1024; x_wconf 83' lang='lat' dir='ltr'><strong>cantum</strong></span> <span class='ocrx_word' id='word_1_90' title='bbox 323 951 423 1022; x_wconf 86' lang='lat' dir='ltr'><strong>venis</strong></span> <span class='ocrx_word' id='word_1_91' title='bbox 447 950 611 1043; x_wconf 69' lang='lat' dir='ltr'><strong>⁸inclusos</strong></span> <span class='ocrx_word' id='word_1_92' title='bbox 637 946 805 1024; x_wconf 86' lang='lat' dir='ltr'><strong>humores</strong></span> <span class='ocrx_word' id='word_1_93' title='bbox 826 950 998 1020; x_wconf 88' lang='lat' dir='ltr'><strong>educunt:</strong></span> <span class='ocrx_word' id='word_1_94' title='bbox 1033 943 1144 1019; x_wconf 91' lang='lat' dir='ltr'><strong>Phle-</strong></span> <span class='ocrx_word' id='word_1_95' title='bbox 1194 950 1294 1019; x_wconf 92' lang='lat' dir='ltr'><strong>noris</strong></span> <span class='ocrx_word' id='word_1_96' title='bbox 1315 949 1488 1020; x_wconf 88' lang='lat' dir='ltr'><strong>carissimi</strong></span> <span class='ocrx_word' id='word_1_97' title='bbox 1509 950 1620 1042; x_wconf 89' lang='lat' dir='ltr'><strong>patris</strong></span> <span class='ocrx_word' id='word_1_98' title='bbox 1639 949 1721 1020; x_wconf 87' lang='lat' dir='ltr'><strong>mei.</strong></span> <span class='ocrx_word' id='word_1_99' title='bbox 1782 944 1860 1038; x_wconf 89' lang='lat' dir='ltr'><strong>Ego</strong></span> <span class='ocrx_word' id='word_1_100' title='bbox 1883 949 2028 1044; x_wconf 89' lang='lat' dir='ltr'><strong>quidem</strong></span> <span class='ocrx_word' id='word_1_101' title='bbox 2051 963 2088 1024; x_wconf 88' lang='lat' dir='ltr'><strong>et</strong></span> <span class='ocrx_word' id='word_1_102' title='bbox 2109 963 2183 1022; x_wconf 89' lang='lat' dir='ltr'><strong>toto</strong></span> 
     </span>
     <span class='ocr_line' id='line_1_9' title="bbox 149 1047 2185 1146; baseline -0.002 -20"><span class='ocrx_word' id='word_1_103' title='bbox 149 1053 309 1126; x_wconf 88' lang='lat' dir='ltr'><strong>botomia</strong></span> <span class='ocrx_word' id='word_1_104' title='bbox 324 1053 469 1146; x_wconf 92' lang='lat' dir='ltr'><strong>quidem</strong></span> <span class='ocrx_word' id='word_1_105' title='bbox 485 1053 621 1145; x_wconf 90' lang='lat' dir='ltr'><strong>eosqui</strong></span> <span class='ocrx_word' id='word_1_106' title='bbox 638 1051 871 1144; x_wconf 78' lang='lat' dir='ltr'><strong>amplioribus</strong></span> <span class='ocrx_word' id='word_1_107' title='bbox 887 1051 1010 1122; x_wconf 88' lang='lat' dir='ltr'><strong>ramis:</strong></span> <span class='ocrx_word' id='word_1_108' title='bbox 1035 1049 1144 1122; x_wconf 89' lang='lat' dir='ltr'><strong>scari·</strong></span> <span class='ocrx_word' id='word_1_109' title='bbox 1194 1066 1333 1146; x_wconf 91' lang='lat' dir='ltr'><strong>pectore</strong></span> <span class='ocrx_word' id='word_1_110' title='bbox 1353 1051 1483 1144; x_wconf 82' lang='lat' dir='ltr'><strong>gratias</strong></span> <span class='ocrx_word' id='word_1_111' title='bbox 1505 1074 1570 1142; x_wconf 89' lang='lat' dir='ltr'><strong>ago</strong></span> <span class='ocrx_word' id='word_1_112' title='bbox 1586 1048 1663 1122; x_wconf 90' lang='lat' dir='ltr'><strong>Deo</strong></span> <span class='ocrx_word' id='word_1_113' title='bbox 1681 1065 1824 1122; x_wconf 89' lang='lat' dir='ltr'><strong>aeterno</strong></span> <span class='ocrx_word' id='word_1_114' title='bbox 1841 1047 1939 1122; x_wconf 90' lang='lat' dir='ltr'><strong>Patri</strong></span> <span class='ocrx_word' id='word_1_115' title='bbox 1956 1049 2101 1124; x_wconf 89' lang='lat' dir='ltr'><strong>Domini</strong></span> <span class='ocrx_word' id='word_1_116' title='bbox 2117 1069 2185 1122; x_wconf 88' lang='lat' dir='ltr'><strong>uo-</strong></span> 
     </span>
     <span class='ocr_line' id='line_1_10' title="bbox 149 1147 2185 1250; baseline -0.002 -21"><span class='ocrx_word' id='word_1_117' title='bbox 149 1159 272 1229; x_wconf 87' lang='lat' dir='ltr'><strong>ficatus</strong></span> <span class='ocrx_word' id='word_1_118' title='bbox 294 1179 371 1242; x_wconf 84' lang='lat' dir='ltr'><strong>cos,</strong></span> <span class='ocrx_word' id='word_1_119' title='bbox 398 1157 460 1250; x_wconf 90' lang='lat' dir='ltr'><strong>qui</strong></span> <span class='ocrx_word' id='word_1_120' title='bbox 483 1155 649 1226; x_wconf 78' lang='lat' dir='ltr'><strong>extremis</strong></span> <span class='ocrx_word' id='word_1_121' title='bbox 667 1154 819 1228; x_wconf 88' lang='lat' dir='ltr'><strong>surculis</strong></span> <span class='ocrx_word' id='word_1_122' title='bbox 835 1154 969 1224; x_wconf 86' lang='lat' dir='ltr'><strong>insunt.</strong></span> <span class='ocrx_word' id='word_1_123' title='bbox 1023 1152 1143 1242; x_wconf 86' lang='lat' dir='ltr'><strong>Quare</strong></span> <span class='ocrx_word' id='word_1_124' title='bbox 1193 1155 1257 1225; x_wconf 90' lang='lat' dir='ltr'><strong>stri</strong></span> <span class='ocrx_word' id='word_1_125' title='bbox 1285 1152 1366 1224; x_wconf 85' lang='lat' dir='ltr'><strong>lesu</strong></span> <span class='ocrx_word' id='word_1_126' title='bbox 1394 1147 1548 1238; x_wconf 88' lang='lat' dir='ltr'><strong>Christi,</strong></span> <span class='ocrx_word' id='word_1_127' title='bbox 1587 1153 1735 1225; x_wconf 89' lang='lat' dir='ltr'><strong>creatori</strong></span> <span class='ocrx_word' id='word_1_128' title='bbox 1769 1153 1906 1244; x_wconf 86' lang='lat' dir='ltr'><strong>generis</strong></span> <span class='ocrx_word' id='word_1_129' title='bbox 1939 1149 2120 1248; x_wconf 74' lang='lat' dir='ltr'><strong>humani,</strong></span> <span class='ocrx_word' id='word_1_130' title='bbox 2150 1168 2185 1226; x_wconf 92' lang='lat' dir='ltr'><strong>et</strong></span> 
     </span>
     <span class='ocr_line' id='line_1_11' title="bbox 149 1251 2183 1350; baseline -0.005 -15"><span class='ocrx_word' id='word_1_131' title='bbox 149 1283 226 1340; x_wconf 77' lang='lat' dir='ltr'><strong>nun</strong></span> <span class='ocrx_word' id='word_1_132' title='bbox 247 1259 437 1333; x_wconf 81' lang='lat' dir='ltr'><strong>medemur</strong></span> <span class='ocrx_word' id='word_1_133' title='bbox 459 1258 679 1331; x_wconf 83' lang='lat' dir='ltr'><strong>fluxionibus</strong></span> <span class='ocrx_word' id='word_1_134' title='bbox 694 1269 791 1330; x_wconf 80' lang='lat' dir='ltr'><strong>extra</strong></span> <span class='ocrx_word' id='word_1_135' title='bbox 807 1280 933 1340; x_wconf 89' lang='lat' dir='ltr'><strong>venas,</strong></span> <span class='ocrx_word' id='word_1_136' title='bbox 959 1257 1020 1326; x_wconf 89' lang='lat' dir='ltr'><strong>sed</strong></span> <span class='ocrx_word' id='word_1_137' title='bbox 1039 1269 1143 1326; x_wconf 86' lang='lat' dir='ltr'><strong>natu·</strong></span> <span class='ocrx_word' id='word_1_138' title='bbox 1193 1271 1370 1327; x_wconf 87' lang='lat' dir='ltr'><strong>aeternam</strong></span> <span class='ocrx_word' id='word_1_139' title='bbox 1387 1251 1582 1326; x_wconf 86' lang='lat' dir='ltr'><strong>Ecclesiam</strong></span> <span class='ocrx_word' id='word_1_140' title='bbox 1604 1281 1689 1326; x_wconf 90' lang='lat' dir='ltr'><strong>voce</strong></span> <span class='ocrx_word' id='word_1_141' title='bbox 1703 1251 1889 1348; x_wconf 78' lang='lat' dir='ltr'><strong>Evangelii</strong></span> <span class='ocrx_word' id='word_1_142' title='bbox 1912 1271 2057 1350; x_wconf 84' lang='lat' dir='ltr'><strong>propter</strong></span> <span class='ocrx_word' id='word_1_143' title='bbox 2070 1257 2183 1326; x_wconf 88' lang='lat' dir='ltr'><strong>filium</strong></span> 
     </span>
     <span class='ocr_line' id='line_1_12' title="bbox 149 1353 2182 1452; baseline -0.003 -18"><span class='ocrx_word' id='word_1_144' title='bbox 149 1385 225 1440; x_wconf 84' lang='lat' dir='ltr'><strong>ram</strong></span> <span class='ocrx_word' id='word_1_145' title='bbox 249 1373 332 1436; x_wconf 78' lang='lat' dir='ltr'><strong>ante</strong></span> <span class='ocrx_word' id='word_1_146' title='bbox 358 1361 634 1451; x_wconf 64' lang='lat' dir='ltr'><strong>languentum,</strong></span> <span class='ocrx_word' id='word_1_147' title='bbox 665 1359 831 1448; x_wconf 81' lang='lat' dir='ltr'><strong>affligunt</strong></span> <span class='ocrx_word' id='word_1_148' title='bbox 853 1357 1006 1449; x_wconf 88' lang='lat' dir='ltr'><strong>gravius.</strong></span> <span class='ocrx_word' id='word_1_149' title='bbox 1067 1356 1143 1426; x_wconf 87' lang='lat' dir='ltr'><strong>Ab·</strong></span> <span class='ocrx_word' id='word_1_150' title='bbox 1194 1373 1228 1430; x_wconf 88' lang='lat' dir='ltr'><strong>et</strong></span> <span class='ocrx_word' id='word_1_151' title='bbox 1246 1383 1403 1452; x_wconf 89' lang='lat' dir='ltr'><strong>pereum</strong></span> <span class='ocrx_word' id='word_1_152' title='bbox 1422 1357 1621 1450; x_wconf 80' lang='lat' dir='ltr'><strong>colligenti,</strong></span> <span class='ocrx_word' id='word_1_153' title='bbox 1646 1359 1744 1452; x_wconf 93' lang='lat' dir='ltr'><strong>quod</strong></span> <span class='ocrx_word' id='word_1_154' title='bbox 1761 1353 2182 1428; x_wconf 89' lang='lat' dir='ltr'><strong>hactennsnosclemen·</strong></span> 
     </span>
     <span class='ocr_line' id='line_1_13' title="bbox 150 1455 2183 1554; baseline -0.004 -16"><span class='ocrx_word' id='word_1_155' title='bbox 150 1475 298 1543; x_wconf 80' lang='lat' dir='ltr'><strong>sumrrnt</strong></span> <span class='ocrx_word' id='word_1_156' title='bbox 319 1463 416 1537; x_wconf 82' lang='lat' dir='ltr'><strong>enim</strong></span> <span class='ocrx_word' id='word_1_157' title='bbox 438 1485 601 1553; x_wconf 87' lang='lat' dir='ltr'><strong>magnam</strong></span> <span class='ocrx_word' id='word_1_158' title='bbox 625 1461 813 1554; x_wconf 89' lang='lat' dir='ltr'><strong>spirituum</strong></span> <span class='ocrx_word' id='word_1_159' title='bbox 837 1473 873 1530; x_wconf 92' lang='lat' dir='ltr'><strong>et</strong></span> <span class='ocrx_word' id='word_1_160' title='bbox 889 1461 1000 1532; x_wconf 88' lang='lat' dir='ltr'><strong>nativi</strong></span> <span class='ocrx_word' id='word_1_161' title='bbox 1016 1459 1143 1528; x_wconf 89' lang='lat' dir='ltr'><strong>caloris</strong></span> <span class='ocrx_word' id='word_1_162' title='bbox 1194 1475 1246 1531; x_wconf 91' lang='lat' dir='ltr'><strong>ter</strong></span> <span class='ocrx_word' id='word_1_163' title='bbox 1259 1473 1293 1531; x_wconf 89' lang='lat' dir='ltr'><strong>et</strong></span> <span class='ocrx_word' id='word_1_164' title='bbox 1308 1461 1519 1550; x_wconf 86' lang='lat' dir='ltr'><strong>gubernavit</strong></span> <span class='ocrx_word' id='word_1_165' title='bbox 1533 1474 1568 1530; x_wconf 92' lang='lat' dir='ltr'><strong>et</strong></span> <span class='ocrx_word' id='word_1_166' title='bbox 1580 1463 1751 1552; x_wconf 85' lang='lat' dir='ltr'><strong>protexit,</strong></span> <span class='ocrx_word' id='word_1_167' title='bbox 1772 1474 1807 1531; x_wconf 91' lang='lat' dir='ltr'><strong>et</strong></span> <span class='ocrx_word' id='word_1_168' title='bbox 1824 1473 1959 1554; x_wconf 88' lang='lat' dir='ltr'><strong>patrem</strong></span> <span class='ocrx_word' id='word_1_169' title='bbox 1973 1455 2064 1536; x_wconf 88' lang='lat' dir='ltr'><strong>mihi</strong></span> <span class='ocrx_word' id='word_1_170' title='bbox 2077 1461 2183 1532; x_wconf 86' lang='lat' dir='ltr'><strong>talem</strong></span> 
     </span>
     <span class='ocr_line' id='line_1_14' title="bbox 112 1557 2184 1660; baseline -0.001 -24"><span class='ocrx_word' id='word_1_171' title='bbox 112 1581 117 1586; x_wconf 86' lang='lat'>&#39;</span> <span class='ocrx_word' id='word_1_172' title='bbox 149 1579 304 1660; x_wconf 87' lang='lat' dir='ltr'><strong>partem,</strong></span> <span class='ocrx_word' id='word_1_173' title='bbox 328 1589 420 1660; x_wconf 85' lang='lat' dir='ltr'><strong>quae</strong></span> <span class='ocrx_word' id='word_1_174' title='bbox 441 1565 614 1656; x_wconf 87' lang='lat' dir='ltr'><strong>praesidia</strong></span> <span class='ocrx_word' id='word_1_175' title='bbox 636 1563 791 1654; x_wconf 83' lang='lat' dir='ltr'><strong>crapulis</strong></span> <span class='ocrx_word' id='word_1_176' title='bbox 810 1577 912 1634; x_wconf 85' lang='lat' dir='ltr'><strong>antee</strong></span> <span class='ocrx_word' id='word_1_177' title='bbox 932 1557 1094 1637; x_wconf 85' lang='lat' dir='ltr'><strong>hebetata</strong></span> <span class='ocrx_word' id='word_1_178' title='bbox 1110 1575 1144 1632; x_wconf 88' lang='lat' dir='ltr'><strong>et</strong></span> <span class='ocrx_word' id='word_1_179' title='bbox 1194 1563 1311 1648; x_wconf 89' lang='lat' dir='ltr'><strong>dedit,</strong></span> <span class='ocrx_word' id='word_1_180' title='bbox 1336 1577 1371 1633; x_wconf 90' lang='lat' dir='ltr'><strong>et</strong></span> <span class='ocrx_word' id='word_1_181' title='bbox 1391 1562 1463 1632; x_wconf 89' lang='lat' dir='ltr'><strong>suis</strong></span> <span class='ocrx_word' id='word_1_182' title='bbox 1486 1563 1590 1634; x_wconf 90' lang='lat' dir='ltr'><strong>donis</strong></span> <span class='ocrx_word' id='word_1_183' title='bbox 1613 1563 1772 1633; x_wconf 90' lang='lat' dir='ltr'><strong>ornavit:</strong></span> <span class='ocrx_word' id='word_1_184' title='bbox 1797 1575 1832 1632; x_wconf 90' lang='lat' dir='ltr'><strong>et</strong></span> <span class='ocrx_word' id='word_1_185' title='bbox 1853 1587 1936 1648; x_wconf 90' lang='lat' dir='ltr'><strong>oro,</strong></span> <span class='ocrx_word' id='word_1_186' title='bbox 1962 1575 2002 1634; x_wconf 91' lang='lat' dir='ltr'><strong>ut</strong></span> <span class='ocrx_word' id='word_1_187' title='bbox 2018 1564 2184 1656; x_wconf 85' lang='lat' dir='ltr'><strong>deinceps</strong></span> 
     </span>
     <span class='ocr_line' id='line_1_15' title="bbox 150 1664 1869 1762; baseline -0.003 -22"><span class='ocrx_word' id='word_1_188' title='bbox 150 1669 367 1752; x_wconf 71' lang='lat' dir='ltr'><strong>coumrlmta,</strong></span> <span class='ocrx_word' id='word_1_189' title='bbox 391 1667 594 1762; x_wconf 85' lang='lat' dir='ltr'><strong>relinquere</strong></span> <span class='ocrx_word' id='word_1_190' title='bbox 609 1679 768 1750; x_wconf 86' lang='lat' dir='ltr'><strong>naturae,</strong></span> <span class='ocrx_word' id='word_1_191' title='bbox 794 1690 868 1734; x_wconf 91' lang='lat' dir='ltr'><strong>non</strong></span> <span class='ocrx_word' id='word_1_192' title='bbox 883 1665 1031 1756; x_wconf 88' lang='lat' dir='ltr'><strong>eripere,</strong></span> <span class='ocrx_word' id='word_1_193' title='bbox 1053 1687 1144 1757; x_wconf 89' lang='lat' dir='ltr'><strong>quae</strong></span> <span class='ocrx_word' id='word_1_194' title='bbox 1195 1679 1302 1736; x_wconf 88' lang='lat' dir='ltr'><strong>totam</strong></span> <span class='ocrx_word' id='word_1_195' title='bbox 1317 1664 1490 1734; x_wconf 79' lang='lat' dir='ltr'><strong>familiam</strong></span> <span class='ocrx_word' id='word_1_196' title='bbox 1507 1677 1622 1736; x_wconf 91' lang='lat' dir='ltr'><strong>servet</strong></span> <span class='ocrx_word' id='word_1_197' title='bbox 1636 1679 1670 1736; x_wconf 87' lang='lat' dir='ltr'><strong>et</strong></span> <span class='ocrx_word' id='word_1_198' title='bbox 1685 1667 1869 1756; x_wconf 85' lang='lat' dir='ltr'><strong>gubernet.</strong></span> 
     </span>
    </p>
   </div>
   <div class='ocr_carea' id='block_1_3' title="bbox 150 1767 2187 2197">
    <p class='ocr_par' dir='ltr' id='par_1_3' title="bbox 150 1767 2187 2197">
     <span class='ocr_line' id='line_1_16' title="bbox 150 1767 2186 1892; baseline -0.001 -50"><span class='ocrx_word' id='word_1_199' title='bbox 150 1793 277 1890; x_wconf 74' lang='lat' dir='ltr'><strong>augere</strong></span> <span class='ocrx_word' id='word_1_200' title='bbox 300 1795 340 1840; x_wconf 90' lang='lat' dir='ltr'><strong>ac</strong></span> <span class='ocrx_word' id='word_1_201' title='bbox 361 1771 480 1888; x_wconf 70' lang='lat' dir='ltr'><strong>fovere</strong></span> <span class='ocrx_word' id='word_1_202' title='bbox 502 1767 662 1888; x_wconf 72' lang='lat' dir='ltr'><strong>subsidio</strong></span> <span class='ocrx_word' id='word_1_203' title='bbox 685 1768 870 1886; x_wconf 70' lang='lat' dir='ltr'><strong>temperati</strong></span> <span class='ocrx_word' id='word_1_204' title='bbox 893 1767 1039 1886; x_wconf 67' lang='lat' dir='ltr'><strong>caloris,</strong></span> <span class='ocrx_word' id='word_1_205' title='bbox 1068 1787 1142 1836; x_wconf 91' lang='lat' dir='ltr'><strong>non</strong></span> <span class='ocrx_word' id='word_1_206' title='bbox 1296 1797 1425 1889; x_wconf 55' lang='lat' dir='ltr'><strong>Ingens</strong></span> <span class='ocrx_word' id='word_1_207' title='bbox 1442 1799 1652 1870; x_wconf 60' lang='lat' dir='ltr'>heneficium</span> <span class='ocrx_word' id='word_1_208' title='bbox 1668 1796 1736 1870; x_wconf 63' lang='lat' dir='ltr'><strong>Dei</strong></span> <span class='ocrx_word' id='word_1_209' title='bbox 1754 1813 1826 1886; x_wconf 52' lang='lat' dir='ltr'><strong>est,</strong></span> <span class='ocrx_word' id='word_1_210' title='bbox 1852 1799 1960 1891; x_wconf 62' lang='lat' dir='ltr'><strong>longo</strong></span> <span class='ocrx_word' id='word_1_211' title='bbox 1976 1793 2104 1872; x_wconf 55' lang='lat' dir='ltr'><strong>ggdine</strong></span> <span class='ocrx_word' id='word_1_212' title='bbox 2118 1822 2186 1892; x_wconf 68' lang='lat' dir='ltr'><strong>po„</strong></span> 
     </span>
     <span class='ocr_line' id='line_1_17' title="bbox 151 1869 2186 1974; baseline -0.003 -27"><span class='ocrx_word' id='word_1_213' title='bbox 151 1875 322 1966; x_wconf 80' lang='lat' dir='ltr'><strong>drssspare</strong></span> <span class='ocrx_word' id='word_1_214' title='bbox 344 1887 406 1947; x_wconf 87' lang='lat' dir='ltr'><strong>aut</strong></span> <span class='ocrx_word' id='word_1_215' title='bbox 428 1875 628 1944; x_wconf 80' lang='lat' dir='ltr'><strong>drmsouere</strong></span> <span class='ocrx_word' id='word_1_216' title='bbox 651 1870 904 1952; x_wconf 84' lang='lat' dir='ltr'><strong>convenrebat,</strong></span> <span class='ocrx_word' id='word_1_217' title='bbox 931 1871 976 1938; x_wconf 90' lang='lat' dir='ltr'><strong>ad</strong></span> <span class='ocrx_word' id='word_1_218' title='bbox 997 1869 1143 1938; x_wconf 77' lang='lat' dir='ltr'><strong>illorum</strong></span> <span class='ocrx_word' id='word_1_219' title='bbox 1194 1913 1304 1972; x_wconf 64' lang='lat' dir='ltr'><strong>„ems</strong></span> <span class='ocrx_word' id='word_1_220' title='bbox 1328 1914 1362 1972; x_wconf 64' lang='lat' dir='ltr'><strong>e,</strong></span> <span class='ocrx_word' id='word_1_221' title='bbox 1383 1900 1504 1972; x_wconf 64' lang='lat' dir='ltr'><strong>vide„</strong></span> <span class='ocrx_word' id='word_1_222' title='bbox 1527 1899 1722 1974; x_wconf 60' lang='lat' dir='ltr'><strong>Ecclesiam</strong></span> <span class='ocrx_word' id='word_1_223' title='bbox 1766 1915 1801 1972; x_wconf 61' lang='lat' dir='ltr'><strong>e,</strong></span> <span class='ocrx_word' id='word_1_224' title='bbox 1824 1903 2000 1974; x_wconf 58' lang='lat' dir='ltr'><strong>magorum</strong></span> <span class='ocrx_word' id='word_1_225' title='bbox 2026 1903 2186 1974; x_wconf 47' lang='lat' dir='ltr'><strong>testimo,</strong></span> 
     </span>
     <span class='ocr_line' id='line_1_18' title="bbox 151 1957 2185 2096; baseline 0 -26"><span class='ocrx_word' id='word_1_226' title='bbox 151 1998 336 2056; x_wconf 57' lang='lat' dir='ltr'>*mmmm</span> <span class='ocrx_word' id='word_1_227' title='bbox 353 1975 571 2094; x_wconf 55' lang='lat' dir='ltr'><strong>‘fu‘llfflffll</strong></span> <span class='ocrx_word' id='word_1_228' title='bbox 582 1973 859 2092; x_wconf 57' lang='lat' dir='ltr'><strong>‘mndlndamg</strong></span> <span class='ocrx_word' id='word_1_229' title='bbox 885 1972 1017 2066; x_wconf 49' lang='grc' dir='ltr'><strong>ΨΜ*</strong></span> <span class='ocrx_word' id='word_1_230' title='bbox 1033 1993 1144 2040; x_wconf 63' lang='lat' dir='ltr'><strong>vem</strong></span> <span class='ocrx_word' id='word_1_231' title='bbox 1195 2003 1254 2074; x_wconf 87' lang='lat' dir='ltr'><strong>nia</strong></span> <span class='ocrx_word' id='word_1_232' title='bbox 1276 2005 1420 2088; x_wconf 87' lang='lat' dir='ltr'><strong>audire,</strong></span> <span class='ocrx_word' id='word_1_233' title='bbox 1446 2017 1487 2075; x_wconf 91' lang='lat' dir='ltr'><strong>ut</strong></span> <span class='ocrx_word' id='word_1_234' title='bbox 1501 2029 1540 2074; x_wconf 85' lang='lat' dir='ltr'><strong>ea</strong></span> <span class='ocrx_word' id='word_1_235' title='bbox 1558 2005 1707 2096; x_wconf 83' lang='lat' dir='ltr'><strong>posteris</strong></span> <span class='ocrx_word' id='word_1_236' title='bbox 1724 1957 1878 2078; x_wconf 77' lang='lat' dir='ltr'><strong>leedant.</strong></span> <span class='ocrx_word' id='word_1_237' title='bbox 1930 2002 2031 2074; x_wconf 89' lang='lat' dir='ltr'><strong>Talis</strong></span> <span class='ocrx_word' id='word_1_238' title='bbox 2046 2003 2185 2074; x_wconf 80' lang='lat' dir='ltr'><strong>foelici-</strong></span> 
     </span>
     <span class='ocr_line' id='line_1_19' title="bbox 150 2073 2187 2197; baseline 0 -51"><span class='ocrx_word' id='word_1_239' title='bbox 150 2079 224 2158; x_wconf 61' lang='lat' dir='ltr'><strong>‚fere</strong></span> <span class='ocrx_word' id='word_1_240' title='bbox 239 2073 710 2151; x_wconf 78' lang='lat' dir='ltr'><strong>helluatmnvbusdrstcntae</strong></span> <span class='ocrx_word' id='word_1_241' title='bbox 724 2087 830 2168; x_wconf 89' lang='lat' dir='ltr'><strong>atque</strong></span> <span class='ocrx_word' id='word_1_242' title='bbox 844 2075 986 2144; x_wconf 75' lang='lat' dir='ltr'><strong>inflatae</strong></span> <span class='ocrx_word' id='word_1_243' title='bbox 996 2087 1145 2142; x_wconf 87' lang='lat' dir='ltr'><strong>tument.</strong></span> <span class='ocrx_word' id='word_1_244' title='bbox 1196 2122 1248 2177; x_wconf 58' lang='lat' dir='ltr'><strong>„s</strong></span> <span class='ocrx_word' id='word_1_245' title='bbox 1271 2106 1386 2176; x_wconf 62' lang='lat' dir='ltr'><strong>maio,</strong></span> <span class='ocrx_word' id='word_1_246' title='bbox 1405 2106 1475 2176; x_wconf 65' lang='lat' dir='ltr'><strong>su„</strong></span> <span class='ocrx_word' id='word_1_247' title='bbox 1497 2119 1578 2176; x_wconf 61' lang='lat' dir='ltr'><strong>,me</strong></span> <span class='ocrx_word' id='word_1_248' title='bbox 1601 2106 1801 2192; x_wconf 56' lang='lat' dir='ltr'><strong>diluvium,</strong></span> <span class='ocrx_word' id='word_1_249' title='bbox 1824 2107 1885 2177; x_wconf 61' lang='lat' dir='ltr'><strong>„d</strong></span> <span class='ocrx_word' id='word_1_250' title='bbox 1907 2121 2027 2178; x_wconf 61' lang='lat' dir='ltr'><strong>,amen</strong></span> <span class='ocrx_word' id='word_1_251' title='bbox 2050 2120 2085 2178; x_wconf 57' lang='lat' dir='ltr'><strong>g,</strong></span> <span class='ocrx_word' id='word_1_252' title='bbox 2108 2119 2187 2197; x_wconf 67' lang='lat' dir='ltr'><strong>po„</strong></span> 
     </span>
    </p>
   </div>
   <div class='ocr_carea' id='block_1_4' title="bbox 150 2175 2272 2404">
    <p class='ocr_par' dir='ltr' id='par_1_4' title="bbox 150 2175 2272 2404">
     <span class='ocr_line' id='line_1_20' title="bbox 150 2175 2272 2301; baseline 0 -25"><span class='ocrx_word' id='word_1_253' title='bbox 150 2175 199 2260; x_wconf 65' lang='lat' dir='ltr'><strong>El</strong></span> <span class='ocrx_word' id='word_1_254' title='bbox 226 2203 430 2298; x_wconf 52' lang='lat' dir='ltr'><strong>§mullum</strong></span> <span class='ocrx_word' id='word_1_255' title='bbox 460 2180 498 2249; x_wconf 64' lang='lat' dir='ltr'><strong>fil</strong></span> <span class='ocrx_word' id='word_1_256' title='bbox 529 2179 727 2296; x_wconf 74' lang='lat' dir='ltr'><strong>interdum,</strong></span> <span class='ocrx_word' id='word_1_257' title='bbox 763 2190 802 2248; x_wconf 63' lang='lat'><strong>¹¹²</strong></span> <span class='ocrx_word' id='word_1_258' title='bbox 824 2191 858 2247; x_wconf 69' lang='lat'><strong>⁶¹</strong></span> <span class='ocrx_word' id='word_1_259' title='bbox 880 2175 1144 2294; x_wconf 56' lang='lat' dir='ltr'><strong>cucurblfafflm</strong></span> <span class='ocrx_word' id='word_1_260' title='bbox 1196 2209 1372 2278; x_wconf 90' lang='lat' dir='ltr'><strong>diluvium</strong></span> <span class='ocrx_word' id='word_1_261' title='bbox 1397 2208 1489 2278; x_wconf 89' lang='lat' dir='ltr'><strong>vidit</strong></span> <span class='ocrx_word' id='word_1_262' title='bbox 1511 2221 1546 2278; x_wconf 90' lang='lat' dir='ltr'><strong>et</strong></span> <span class='ocrx_word' id='word_1_263' title='bbox 1565 2209 1703 2278; x_wconf 89' lang='lat' dir='ltr'><strong>audivit</strong></span> <span class='ocrx_word' id='word_1_264' title='bbox 1719 2203 1902 2279; x_wconf 80' lang='lat' dir='ltr'><strong>Abraham</strong></span> <span class='ocrx_word' id='word_1_265' title='bbox 1925 2209 2184 2301; x_wconf 89' lang='lat' dir='ltr'><strong>progenitorem</strong></span> <span class='ocrx_word' id='word_1_266' title='bbox 2268 2201 2272 2206; x_wconf 46' lang='lat'>⁵</span> 
     </span>
     <span class='ocr_line' id='line_1_21' title="bbox 151 2279 2185 2404; baseline -0.009 -54"><span class='ocrx_word' id='word_1_267' title='bbox 151 2297 264 2354; x_wconf 84' lang='lat' dir='ltr'><strong>suctro</strong></span> <span class='ocrx_word' id='word_1_268' title='bbox 302 2282 485 2354; x_wconf 88' lang='lat' dir='ltr'><strong>collectam</strong></span> <span class='ocrx_word' id='word_1_269' title='bbox 523 2281 719 2352; x_wconf 77' lang='lat' dir='ltr'><strong>fluxionem</strong></span> <span class='ocrx_word' id='word_1_270' title='bbox 749 2293 898 2350; x_wconf 86' lang='lat' dir='ltr'><strong>evacuet</strong></span> <span class='ocrx_word' id='word_1_271' title='bbox 926 2303 966 2348; x_wconf 90' lang='lat' dir='ltr'><strong>ac</strong></span> <span class='ocrx_word' id='word_1_272' title='bbox 999 2279 1146 2368; x_wconf 74' lang='lat' dir='ltr'><strong>digerat,</strong></span> <span class='ocrx_word' id='word_1_273' title='bbox 1196 2309 1297 2396; x_wconf 54' lang='lat' dir='ltr'>Sem,</span> <span class='ocrx_word' id='word_1_274' title='bbox 1323 2334 1365 2378; x_wconf 60' lang='lat' dir='ltr'><strong>,x</strong></span> <span class='ocrx_word' id='word_1_275' title='bbox 1389 2335 1460 2403; x_wconf 74' lang='lat' dir='ltr'><strong>quo</strong></span> <span class='ocrx_word' id='word_1_276' title='bbox 1483 2333 1603 2382; x_wconf 61' lang='lat' dir='ltr'><strong>nonus</strong></span> <span class='ocrx_word' id='word_1_277' title='bbox 1626 2324 1727 2382; x_wconf 61' lang='lat' dir='ltr'><strong>mus</strong></span> <span class='ocrx_word' id='word_1_278' title='bbox 1752 2323 1845 2395; x_wconf 55' lang='lat' dir='ltr'><strong>em,</strong></span> <span class='ocrx_word' id='word_1_279' title='bbox 1871 2327 1951 2381; x_wconf 58' lang='lat' dir='ltr'><strong>eum</strong></span> <span class='ocrx_word' id='word_1_280' title='bbox 1975 2310 2185 2404; x_wconf 36' lang='lat' dir='ltr'><strong>quidemst</strong></span> 
     </span>
    </p>
   </div>
   <div class='ocr_carea' id='block_1_5' title="bbox 151 2382 2190 2688">
    <p class='ocr_par' dir='ltr' id='par_1_5' title="bbox 151 2382 2190 2688">
     <span class='ocr_line' id='line_1_22' title="bbox 151 2382 2190 2506; baseline 0.014 -53"><span class='ocrx_word' id='word_1_281' title='bbox 151 2385 359 2503; x_wconf 74' lang='lat' dir='ltr'><strong>praesertim</strong></span> <span class='ocrx_word' id='word_1_282' title='bbox 373 2383 407 2455; x_wconf 88' lang='lat' dir='ltr'><strong>si</strong></span> <span class='ocrx_word' id='word_1_283' title='bbox 422 2407 549 2474; x_wconf 91' lang='lat' dir='ltr'><strong>corpus</strong></span> <span class='ocrx_word' id='word_1_284' title='bbox 564 2383 612 2502; x_wconf 71' lang='lat' dir='ltr'><strong>sit</strong></span> <span class='ocrx_word' id='word_1_285' title='bbox 627 2382 747 2501; x_wconf 74' lang='lat' dir='ltr'><strong>minus</strong></span> <span class='ocrx_word' id='word_1_286' title='bbox 762 2383 963 2500; x_wconf 60' lang='lat' dir='ltr'><strong>impurum,</strong></span> <span class='ocrx_word' id='word_1_287' title='bbox 987 2393 1021 2450; x_wconf 75' lang='lat' dir='ltr'><strong>el</strong></span> <span class='ocrx_word' id='word_1_288' title='bbox 1037 2403 1146 2450; x_wconf 54' lang='lat'><strong>“¹¹³⁸</strong></span> <span class='ocrx_word' id='word_1_289' title='bbox 1196 2411 1333 2484; x_wconf 90' lang='lat' dir='ltr'><strong>diluvio</strong></span> <span class='ocrx_word' id='word_1_290' title='bbox 1350 2435 1463 2506; x_wconf 88' lang='lat' dir='ltr'><strong>usque</strong></span> <span class='ocrx_word' id='word_1_291' title='bbox 1479 2416 1521 2483; x_wconf 89' lang='lat' dir='ltr'><strong>ad</strong></span> <span class='ocrx_word' id='word_1_292' title='bbox 1539 2413 1843 2484; x_wconf 86' lang='lat' dir='ltr'><strong>circumcisionem</strong></span> <span class='ocrx_word' id='word_1_293' title='bbox 1858 2411 1929 2483; x_wconf 91' lang='lat' dir='ltr'><strong>sint</strong></span> <span class='ocrx_word' id='word_1_294' title='bbox 1945 2413 2031 2482; x_wconf 88' lang='lat' dir='ltr'><strong>anni</strong></span> <span class='ocrx_word' id='word_1_295' title='bbox 2049 2411 2190 2482; x_wconf 90' lang='lat' dir='ltr'><strong>circiter</strong></span> 
     </span>
     <span class='ocr_line' id='line_1_23' title="bbox 152 2485 2189 2610; baseline -0.004 -55"><span class='ocrx_word' id='word_1_296' title='bbox 152 2501 263 2558; x_wconf 83' lang='lat' dir='ltr'><strong>sectro</strong></span> <span class='ocrx_word' id='word_1_297' title='bbox 285 2487 414 2572; x_wconf 82' lang='lat' dir='ltr'><strong>allevet</strong></span> <span class='ocrx_word' id='word_1_298' title='bbox 436 2509 564 2576; x_wconf 81' lang='lat' dir='ltr'><strong>corpus</strong></span> <span class='ocrx_word' id='word_1_299' title='bbox 587 2485 762 2565; x_wconf 80' lang='lat' dir='ltr'><strong>ruvenrle,</strong></span> <span class='ocrx_word' id='word_1_300' title='bbox 790 2495 1145 2602; x_wconf 71' lang='lat' dir='ltr'><strong>praesertrmuatura</strong></span> <span class='ocrx_word' id='word_1_301' title='bbox 1197 2515 1460 2610; x_wconf 54' lang='lat' dir='ltr'><strong>quadringeng’</strong></span> <span class='ocrx_word' id='word_1_302' title='bbox 1511 2510 1548 2584; x_wconf 85' lang='lat'>0</span> <span class='ocrx_word' id='word_1_303' title='bbox 1571 2538 1696 2606; x_wconf 58' lang='lat' dir='ltr'><strong>magn,</strong></span> <span class='ocrx_word' id='word_1_304' title='bbox 1717 2514 1907 2596; x_wconf 39' lang='lat' dir='ltr'><strong>spelicitah</strong></span> <span class='ocrx_word' id='word_1_305' title='bbox 1932 2515 2055 2584; x_wconf 62' lang='lat' dir='ltr'><strong>videre</strong></span> <span class='ocrx_word' id='word_1_306' title='bbox 2073 2527 2189 2585; x_wconf 54' lang='lat' dir='ltr'><strong>mu,</strong></span> 
     </span>
     <span class='ocr_line' id='line_1_24' title="bbox 152 2587 2190 2688; baseline -0.001 1"><span class='ocrx_word' id='word_1_307' title='bbox 152 2591 339 2659; x_wconf 70' lang='lat' dir='ltr'><strong>¹⁰b¹¹⁸²¹¹¹¹¹</strong></span> <span class='ocrx_word' id='word_1_308' title='bbox 364 2601 470 2682; x_wconf 53' lang='grc' dir='ltr'><strong>ΜΨ]ρ</strong></span> <span class='ocrx_word' id='word_1_309' title='bbox 493 2587 683 2657; x_wconf 54' lang='lat' dir='ltr'><strong>mmmm</strong></span> <span class='ocrx_word' id='word_1_310' title='bbox 705 2599 805 2678; x_wconf 72' lang='lat' dir='ltr'><strong>l&#39;arte</strong></span> <span class='ocrx_word' id='word_1_311' title='bbox 819 2608 938 2654; x_wconf 59' lang='grc' dir='ltr'><strong>(Μ’</strong></span> <span class='ocrx_word' id='word_1_312' title='bbox 954 2587 1146 2656; x_wconf 64' lang='lat' dir='ltr'><strong>“udmm</strong></span> <span class='ocrx_word' id='word_1_313' title='bbox 1197 2619 1274 2688; x_wconf 89' lang='lat' dir='ltr'><strong>dire</strong></span> <span class='ocrx_word' id='word_1_314' title='bbox 1297 2631 1390 2688; x_wconf 87' lang='lat' dir='ltr'><strong>certa</strong></span> <span class='ocrx_word' id='word_1_315' title='bbox 1407 2603 1614 2687; x_wconf 61' lang='lat' dir='ltr'><strong>‘testimonia</strong></span> <span class='ocrx_word' id='word_1_316' title='bbox 1633 2617 1810 2688; x_wconf 90' lang='lat' dir='ltr'><strong>maiorum</strong></span> <span class='ocrx_word' id='word_1_317' title='bbox 1827 2617 1871 2686; x_wconf 93' lang='lat' dir='ltr'><strong>de</strong></span> <span class='ocrx_word' id='word_1_318' title='bbox 1886 2617 2049 2687; x_wconf 89' lang='lat' dir='ltr'><strong>doctrina</strong></span> <span class='ocrx_word' id='word_1_319' title='bbox 2066 2629 2119 2686; x_wconf 91' lang='lat' dir='ltr'><strong>tot</strong></span> <span class='ocrx_word' id='word_1_320' title='bbox 2134 2639 2190 2686; x_wconf 89' lang='lat' dir='ltr'><strong>se-</strong></span> 
     </span>
    </p>
   </div>
   <div class='ocr_carea' id='block_1_6' title="bbox 152 2687 2191 2914">
    <p class='ocr_par' dir='ltr' id='par_1_6' title="bbox 152 2687 2191 2914">
     <span class='ocr_line' id='line_1_25' title="bbox 152 2687 2191 2809; baseline -0.003 -17"><span class='ocrx_word' id='word_1_321' title='bbox 152 2713 358 2809; x_wconf 61' lang='lat' dir='ltr'><strong>ff¹¹⁰⁰⁰fflm2</strong></span> <span class='ocrx_word' id='word_1_322' title='bbox 382 2703 501 2765; x_wconf 55' lang='grc' dir='ltr'><strong>ΨΜ</strong></span> <span class='ocrx_word' id='word_1_323' title='bbox 517 2688 889 2808; x_wconf 61' lang='lat' dir='ltr'><strong>¹²¹F³q¹¹e‚¹⁰¹¹3²‚l&#39;‚¹¹¹⁸</strong></span> <span class='ocrx_word' id='word_1_324' title='bbox 905 2700 1009 2758; x_wconf 69' lang='lat'><strong>”⁰⁰⁰¹</strong></span> <span class='ocrx_word' id='word_1_325' title='bbox 1023 2687 1146 2756; x_wconf 50' lang='grc' dir='ltr'><strong>ΜΒΝ</strong></span> <span class='ocrx_word' id='word_1_326' title='bbox 1197 2719 1297 2793; x_wconf 88' lang='lat' dir='ltr'><strong>culis.</strong></span> <span class='ocrx_word' id='word_1_327' title='bbox 1356 2715 1434 2790; x_wconf 87' lang='lat' dir='ltr'><strong>Etsi</strong></span> <span class='ocrx_word' id='word_1_328' title='bbox 1458 2733 1574 2790; x_wconf 88' lang='lat' dir='ltr'><strong>autern</strong></span> <span class='ocrx_word' id='word_1_329' title='bbox 1601 2720 1640 2788; x_wconf 90' lang='lat' dir='ltr'><strong>in</strong></span> <span class='ocrx_word' id='word_1_330' title='bbox 1664 2716 1730 2788; x_wconf 86' lang='lat' dir='ltr'><strong>bac</strong></span> <span class='ocrx_word' id='word_1_331' title='bbox 1752 2719 1879 2788; x_wconf 87' lang='lat' dir='ltr'><strong>misera</strong></span> <span class='ocrx_word' id='word_1_332' title='bbox 1902 2731 2038 2788; x_wconf 88' lang='lat' dir='ltr'><strong>senecta</strong></span> <span class='ocrx_word' id='word_1_333' title='bbox 2062 2717 2191 2788; x_wconf 90' lang='lat' dir='ltr'><strong>mundi</strong></span> 
     </span>
     <span class='ocr_line' id='line_1_26' title="bbox 152 2783 2188 2914; baseline -0.001 -21"><span class='ocrx_word' id='word_1_334' title='bbox 152 2806 292 2865; x_wconf 55' lang='lat' dir='ltr'><strong>nem·</strong></span> <span class='ocrx_word' id='word_1_335' title='bbox 341 2787 592 2869; x_wconf 55' lang='lat' dir='ltr'><strong>Pfflebfflmffl</strong></span> <span class='ocrx_word' id='word_1_336' title='bbox 613 2791 677 2862; x_wconf 71' lang='lat'><strong>¹³¹¹</strong></span> <span class='ocrx_word' id='word_1_337' title='bbox 700 2792 907 2860; x_wconf 61' lang='lat' dir='ltr'><strong>²⁰⁰d¹¹¹⁰m</strong></span> <span class='ocrx_word' id='word_1_338' title='bbox 930 2803 992 2860; x_wconf 62' lang='lat'><strong>³¹¹²</strong></span> <span class='ocrx_word' id='word_1_339' title='bbox 1011 2783 1147 2882; x_wconf 48' lang='grc' dir='ltr'>1)ΥάΓο·</span> <span class='ocrx_word' id='word_1_340' title='bbox 1199 2846 1271 2892; x_wconf 90' lang='lat' dir='ltr'><strong>nou</strong></span> <span class='ocrx_word' id='word_1_341' title='bbox 1294 2835 1379 2893; x_wconf 90' lang='lat' dir='ltr'><strong>sunt</strong></span> <span class='ocrx_word' id='word_1_342' title='bbox 1399 2835 1469 2891; x_wconf 89' lang='lat' dir='ltr'><strong>tam</strong></span> <span class='ocrx_word' id='word_1_343' title='bbox 1495 2823 1601 2912; x_wconf 92' lang='lat' dir='ltr'><strong>longa</strong></span> <span class='ocrx_word' id='word_1_344' title='bbox 1624 2821 1719 2892; x_wconf 90' lang='lat' dir='ltr'><strong>vitae</strong></span> <span class='ocrx_word' id='word_1_345' title='bbox 1738 2822 1875 2914; x_wconf 87' lang='lat' dir='ltr'><strong>spacia,</strong></span> <span class='ocrx_word' id='word_1_346' title='bbox 1912 2835 2032 2892; x_wconf 90' lang='lat' dir='ltr'><strong>tamen</strong></span> <span class='ocrx_word' id='word_1_347' title='bbox 2052 2819 2188 2910; x_wconf 91' lang='lat' dir='ltr'><strong>gaudeo</strong></span> 
     </span>
    </p>
   </div>
   <div class='ocr_carea' id='block_1_7' title="bbox 153 2888 2190 3016">
    <p class='ocr_par' dir='ltr' id='par_1_7' title="bbox 153 2888 2190 3016">
     <span class='ocr_line' id='line_1_27' title="bbox 153 2888 2190 3016; baseline 0.005 -53"><span class='ocrx_word' id='word_1_348' title='bbox 153 2919 235 2986; x_wconf 91' lang='lat' dir='ltr'><strong>pem</strong></span> <span class='ocrx_word' id='word_1_349' title='bbox 270 2908 331 2964; x_wconf 86' lang='lat' dir='ltr'><strong>aut</strong></span> <span class='ocrx_word' id='word_1_350' title='bbox 362 2888 549 2990; x_wconf 81' lang='grc' dir='ltr'><strong><em>ἀτροφίαν</em></strong></span> <span class='ocrx_word' id='word_1_351' title='bbox 581 2893 763 2966; x_wconf 85' lang='lat' dir='ltr'><strong>accelerat·</strong></span> <span class='ocrx_word' id='word_1_352' title='bbox 834 2891 1056 2966; x_wconf 87' lang='lat' dir='ltr'><strong>Scarificatus</strong></span> <span class='ocrx_word' id='word_1_353' title='bbox 1086 2903 1149 2961; x_wconf 88' lang='lat' dir='ltr'><strong>aut</strong></span> <span class='ocrx_word' id='word_1_354' title='bbox 1198 2949 1254 2994; x_wconf 66' lang='lat' dir='ltr'><strong>me</strong></span> <span class='ocrx_word' id='word_1_355' title='bbox 1276 2923 1396 2994; x_wconf 55' lang='lat' dir='ltr'><strong>,idere</strong></span> <span class='ocrx_word' id='word_1_356' title='bbox 1414 2921 1556 2994; x_wconf 55' lang='lat' dir='ltr'><strong>patrem</strong></span> <span class='ocrx_word' id='word_1_357' title='bbox 1581 2937 1616 2994; x_wconf 61' lang='lat' dir='ltr'><strong>e,</strong></span> <span class='ocrx_word' id='word_1_358' title='bbox 1640 2925 1811 3014; x_wconf 55' lang='lat' dir='ltr'><strong>collega„</strong></span> <span class='ocrx_word' id='word_1_359' title='bbox 1835 2921 1900 3016; x_wconf 63' lang='lat' dir='ltr'><strong>qui</strong></span> <span class='ocrx_word' id='word_1_360' title='bbox 1922 2937 2058 2994; x_wconf 70' lang='lat' dir='ltr'><strong>nomm</strong></span> <span class='ocrx_word' id='word_1_361' title='bbox 2077 2917 2190 2992; x_wconf 57' lang='lat' dir='ltr'><strong>histo.</strong></span> 
     </span>
    </p>
   </div>
   <div class='ocr_carea' id='block_1_8' title="bbox 152 2991 2192 3224">
    <p class='ocr_par' dir='ltr' id='par_1_8' title="bbox 152 2991 2192 3224">
     <span class='ocr_line' id='line_1_28' title="bbox 152 2991 2192 3120; baseline -0.002 -21"><span class='ocrx_word' id='word_1_362' title='bbox 152 2998 235 3116; x_wconf 68' lang='lat' dir='ltr'><strong>Pl¹²⁸</strong></span> <span class='ocrx_word' id='word_1_363' title='bbox 250 2991 397 3116; x_wconf 49' lang='lat' dir='ltr'><strong>astulfu</strong></span> <span class='ocrx_word' id='word_1_364' title='bbox 412 2999 456 3068; x_wconf 58' lang='lat' dir='ltr'><strong>ad</strong></span> <span class='ocrx_word' id='word_1_365' title='bbox 475 2993 878 3114; x_wconf 57' lang='lat' dir='ltr'><strong>¹⁰⁰‚um‚³ff⁸⁰¹¹¹¹¹¹’,³¹¹f</strong></span> <span class='ocrx_word' id='word_1_366' title='bbox 896 2995 1049 3113; x_wconf 56' lang='lat' dir='ltr'><strong>fundem</strong></span> <span class='ocrx_word' id='word_1_367' title='bbox 1065 2993 1148 3114; x_wconf 50' lang='lat' dir='ltr'><strong>&#39;fd’</strong></span> <span class='ocrx_word' id='word_1_368' title='bbox 1199 3027 1288 3096; x_wconf 84' lang='lat' dir='ltr'><strong>riam</strong></span> <span class='ocrx_word' id='word_1_369' title='bbox 1310 3021 1489 3096; x_wconf 86' lang='lat' dir='ltr'><strong>Ecclesiae</strong></span> <span class='ocrx_word' id='word_1_370' title='bbox 1517 3021 1647 3097; x_wconf 91' lang='lat' dir='ltr'><strong>horum</strong></span> <span class='ocrx_word' id='word_1_371' title='bbox 1670 3025 1904 3120; x_wconf 87' lang='lat' dir='ltr'><strong>quadraginta</strong></span> <span class='ocrx_word' id='word_1_372' title='bbox 1927 3047 2122 3112; x_wconf 88' lang='lat' dir='ltr'><strong>annorum,</strong></span> <span class='ocrx_word' id='word_1_373' title='bbox 2157 3037 2192 3094; x_wconf 90' lang='lat' dir='ltr'><strong>et</strong></span> 
     </span>
     <span class='ocr_line' id='line_1_29' title="bbox 154 3091 2191 3224; baseline -0.001 -56"><span class='ocrx_word' id='word_1_374' title='bbox 154 3101 210 3168; x_wconf 83' lang='lat' dir='ltr'><strong>du</strong></span> <span class='ocrx_word' id='word_1_375' title='bbox 230 3101 422 3171; x_wconf 76' lang='lat' dir='ltr'><strong>obnoxium</strong></span> <span class='ocrx_word' id='word_1_376' title='bbox 447 3099 682 3182; x_wconf 78' lang='lat' dir='ltr'><strong>fluuonibus,</strong></span> <span class='ocrx_word' id='word_1_377' title='bbox 706 3109 766 3168; x_wconf 89' lang='lat' dir='ltr'><strong>aut</strong></span> <span class='ocrx_word' id='word_1_378' title='bbox 786 3121 816 3166; x_wconf 84' lang='lat' dir='ltr'><strong>sr</strong></span> <span class='ocrx_word' id='word_1_379' title='bbox 833 3091 927 3168; x_wconf 81' lang='lat' dir='ltr'><strong>mhu</strong></span> <span class='ocrx_word' id='word_1_380' title='bbox 941 3091 1073 3168; x_wconf 86' lang='lat' dir='ltr'><strong>horum</strong></span> <span class='ocrx_word' id='word_1_381' title='bbox 1090 3116 1148 3169; x_wconf 72' lang='lat' dir='ltr'><strong>tu-</strong></span> <span class='ocrx_word' id='word_1_382' title='bbox 1199 3127 1274 3198; x_wconf 62' lang='lat' dir='ltr'><strong>Deo</strong></span> <span class='ocrx_word' id='word_1_383' title='bbox 1298 3129 1427 3220; x_wconf 53' lang='lat' dir='ltr'><strong>gusti„</strong></span> <span class='ocrx_word' id='word_1_384' title='bbox 1443 3151 1527 3219; x_wconf 33' lang='lat' dir='ltr'><strong>,gos</strong></span> <span class='ocrx_word' id='word_1_385' title='bbox 1552 3131 1647 3224; x_wconf 69' lang='lat' dir='ltr'><strong>quod</strong></span> <span class='ocrx_word' id='word_1_386' title='bbox 1666 3124 1837 3199; x_wconf 58' lang='lat' dir='ltr'><strong>hactenu,</strong></span> <span class='ocrx_word' id='word_1_387' title='bbox 1853 3121 1950 3198; x_wconf 63' lang='lat' dir='ltr'>hunc</span> <span class='ocrx_word' id='word_1_388' title='bbox 1962 3140 2102 3197; x_wconf 55' lang='lat' dir='ltr'><strong>cocum,</strong></span> <span class='ocrx_word' id='word_1_389' title='bbox 2118 3148 2191 3200; x_wconf 50' lang='lat' dir='ltr'><strong>,er-</strong></span> 
     </span>
    </p>
   </div>
   <div class='ocr_carea' id='block_1_9' title="bbox 153 3199 1148 3292">
    <p class='ocr_par' dir='ltr' id='par_1_9' title="bbox 153 3199 1148 3292">
     <span class='ocr_line' id='line_1_30' title="bbox 153 3199 1148 3292; baseline -0.004 -20"><span class='ocrx_word' id='word_1_390' title='bbox 153 3201 241 3286; x_wconf 81' lang='lat' dir='ltr'><strong>fert,</strong></span> <span class='ocrx_word' id='word_1_391' title='bbox 267 3200 393 3273; x_wconf 90' lang='lat' dir='ltr'><strong>adimit</strong></span> <span class='ocrx_word' id='word_1_392' title='bbox 413 3201 583 3270; x_wconf 87' lang='lat' dir='ltr'><strong>membris</strong></span> <span class='ocrx_word' id='word_1_393' title='bbox 604 3200 729 3292; x_wconf 90' lang='lat' dir='ltr'><strong>purius</strong></span> <span class='ocrx_word' id='word_1_394' title='bbox 745 3212 779 3270; x_wconf 86' lang='lat' dir='ltr'><strong>ct</strong></span> <span class='ocrx_word' id='word_1_395' title='bbox 793 3199 1063 3280; x_wconf 86' lang='lat' dir='ltr'><strong>convenientius</strong></span> <span class='ocrx_word' id='word_1_396' title='bbox 1080 3221 1148 3268; x_wconf 90' lang='lat' dir='ltr'><strong>nu-</strong></span> 
     </span>
    </p>
   </div>
   <div class='ocr_carea' id='block_1_10' title="bbox 153 3301 1149 3394">
    <p class='ocr_par' dir='ltr' id='par_1_10' title="bbox 153 3301 1149 3394">
     <span class='ocr_line' id='line_1_31' title="bbox 153 3301 1149 3394; baseline -0.006 -20"><span class='ocrx_word' id='word_1_397' title='bbox 153 3303 383 3394; x_wconf 81' lang='lat' dir='ltr'><strong>trimentum,</strong></span> <span class='ocrx_word' id='word_1_398' title='bbox 415 3303 473 3373; x_wconf 89' lang='lat' dir='ltr'><strong>cui</strong></span> <span class='ocrx_word' id='word_1_399' title='bbox 504 3302 661 3372; x_wconf 91' lang='lat' dir='ltr'><strong>succedit</strong></span> <span class='ocrx_word' id='word_1_400' title='bbox 693 3302 875 3394; x_wconf 90' lang='lat' dir='ltr'><strong>impurum</strong></span> <span class='ocrx_word' id='word_1_401' title='bbox 900 3301 1149 3384; x_wconf 83' lang='lat' dir='ltr'><strong>acviciosum,</strong></span> 
     </span>
    </p>
   </div>
   <div class='ocr_carea' id='block_1_11' title="bbox 154 3363 2193 3558">
    <p class='ocr_par' dir='ltr' id='par_1_11' title="bbox 154 3363 2193 3558">
     <span class='ocr_line' id='line_1_32' title="bbox 154 3363 2193 3558; baseline -0.001 -17"><span class='ocrx_word' id='word_1_402' title='bbox 154 3399 436 3500; x_wconf 60' lang='lat' dir='ltr'><strong>hucne</strong></span> <span class='ocrx_word' id='word_1_403' title='bbox 487 3402 557 3476; x_wconf 66' lang='lat' dir='ltr'><strong>sc</strong></span> <span class='ocrx_word' id='word_1_404' title='bbox 1202 3363 2193 3558; x_wconf 56' lang='lat' dir='ltr'><strong>Chri</strong></span> 
     </span>
    </p>
   </div>
   <div class='ocr_carea' id='block_1_12' title="bbox 156 3563 2249 4701">
    <p class='ocr_par' dir='ltr' id='par_1_12' title="bbox 156 3563 2249 4701">
     <span class='ocr_line' id='line_1_33' title="bbox 1202 3563 2195 3664; baseline -0.003 -24"><span class='ocrx_word' id='word_1_405' title='bbox 1202 3573 1314 3664; x_wconf 88' lang='lat' dir='ltr'><strong>ipsam</strong></span> <span class='ocrx_word' id='word_1_406' title='bbox 1339 3571 1386 3642; x_wconf 91' lang='lat' dir='ltr'><strong>ob</strong></span> <span class='ocrx_word' id='word_1_407' title='bbox 1410 3593 1552 3640; x_wconf 82' lang='lat' dir='ltr'><strong>causam</strong></span> <span class='ocrx_word' id='word_1_408' title='bbox 1576 3569 1757 3652; x_wconf 89' lang='lat' dir='ltr'><strong>instituta,</strong></span> <span class='ocrx_word' id='word_1_409' title='bbox 1788 3581 1829 3638; x_wconf 93' lang='lat' dir='ltr'><strong>ut</strong></span> <span class='ocrx_word' id='word_1_410' title='bbox 1851 3590 1919 3640; x_wconf 91' lang='lat' dir='ltr'><strong>nos</strong></span> <span class='ocrx_word' id='word_1_411' title='bbox 1942 3563 2105 3638; x_wconf 86' lang='lat' dir='ltr'><strong>Iuniores</strong></span> <span class='ocrx_word' id='word_1_412' title='bbox 2126 3569 2195 3638; x_wconf 89' lang='lat' dir='ltr'><strong>do·</strong></span> 
     </span>
     <span class='ocr_line' id='line_1_34' title="bbox 1204 3668 2195 3766; baseline -0.001 -22"><span class='ocrx_word' id='word_1_413' title='bbox 1204 3675 1337 3744; x_wconf 90' lang='lat' dir='ltr'><strong>ctrinae</strong></span> <span class='ocrx_word' id='word_1_414' title='bbox 1361 3695 1557 3756; x_wconf 90' lang='lat' dir='ltr'><strong>summam,</strong></span> <span class='ocrx_word' id='word_1_415' title='bbox 1580 3696 1670 3766; x_wconf 90' lang='lat' dir='ltr'><strong>quae</strong></span> <span class='ocrx_word' id='word_1_416' title='bbox 1691 3671 1795 3740; x_wconf 91' lang='lat' dir='ltr'><strong>certis</strong></span> <span class='ocrx_word' id='word_1_417' title='bbox 1811 3669 2025 3740; x_wconf 89' lang='lat' dir='ltr'><strong>testimoniis</strong></span> <span class='ocrx_word' id='word_1_418' title='bbox 2043 3692 2061 3738; x_wconf 95' lang='lat' dir='ltr'><strong>a</strong></span> <span class='ocrx_word' id='word_1_419' title='bbox 2080 3668 2195 3743; x_wconf 83' lang='lat' dir='ltr'><strong>maio·</strong></span> 
     </span>
     <span class='ocr_line' id='line_1_35' title="bbox 1204 3773 2249 3864; baseline -0.003 -19"><span class='ocrx_word' id='word_1_420' title='bbox 1204 3777 1304 3846; x_wconf 89' lang='lat' dir='ltr'><strong>ribus</strong></span> <span class='ocrx_word' id='word_1_421' title='bbox 1319 3776 1492 3858; x_wconf 87' lang='lat' dir='ltr'><strong>traditur,</strong></span> <span class='ocrx_word' id='word_1_422' title='bbox 1517 3773 1720 3845; x_wconf 87' lang='lat' dir='ltr'><strong>meminisse</strong></span> <span class='ocrx_word' id='word_1_423' title='bbox 1733 3773 1955 3856; x_wconf 87' lang='lat' dir='ltr'><strong>studeamus,</strong></span> <span class='ocrx_word' id='word_1_424' title='bbox 1981 3795 2143 3864; x_wconf 91' lang='lat' dir='ltr'><strong>propono</strong></span> <span class='ocrx_word' id='word_1_425' title='bbox 2160 3785 2195 3842; x_wconf 90' lang='lat' dir='ltr'><strong>et</strong></span> <span class='ocrx_word' id='word_1_426' title='bbox 2239 3840 2249 3860; x_wconf 79' lang='grc'>,</span> 
     </span>
     <span class='ocr_line' id='line_1_36' title="bbox 1206 3867 2195 3969; baseline -0.004 -21"><span class='ocrx_word' id='word_1_427' title='bbox 1206 3901 1271 3969; x_wconf 83' lang='lat' dir='ltr'><strong>ego</strong></span> <span class='ocrx_word' id='word_1_428' title='bbox 1294 3873 1516 3950; x_wconf 89' lang='lat' dir='ltr'><strong>Reverendis</strong></span> <span class='ocrx_word' id='word_1_429' title='bbox 1538 3875 1625 3945; x_wconf 87' lang='lat' dir='ltr'><strong>viris</strong></span> <span class='ocrx_word' id='word_1_430' title='bbox 1645 3871 1793 3946; x_wconf 89' lang='lat' dir='ltr'><strong>Doctori</strong></span> <span class='ocrx_word' id='word_1_431' title='bbox 1809 3867 1976 3946; x_wconf 83' lang='lat' dir='ltr'><strong>Erosmo</strong></span> <span class='ocrx_word' id='word_1_432' title='bbox 2000 3886 2035 3944; x_wconf 88' lang='lat' dir='ltr'><strong>et</strong></span> <span class='ocrx_word' id='word_1_433' title='bbox 2049 3871 2195 3944; x_wconf 88' lang='lat' dir='ltr'><strong>Doctori</strong></span> 
     </span>
     <span class='ocr_line' id='line_1_37' title="bbox 1206 3971 2195 4074; baseline -0.002 -24"><span class='ocrx_word' id='word_1_434' title='bbox 1206 3971 1379 4050; x_wconf 77' lang='lat' dir='ltr'><strong>Iohanni</strong></span> <span class='ocrx_word' id='word_1_435' title='bbox 1399 3974 1462 4050; x_wconf 92' lang='lat' dir='ltr'><strong>has</strong></span> <span class='ocrx_word' id='word_1_436' title='bbox 1483 3979 1726 4074; x_wconf 86' lang='lat' dir='ltr'><strong>quaestiones,</strong></span> <span class='ocrx_word' id='word_1_437' title='bbox 1751 3975 1876 4068; x_wconf 87' lang='lat' dir='ltr'><strong>dignas</strong></span> <span class='ocrx_word' id='word_1_438' title='bbox 1900 3974 2195 4052; x_wconf 82' lang='lat' dir='ltr'><strong>consideratione.</strong></span> 
     </span>
     <span class='ocr_line' id='line_1_38' title="bbox 1206 4069 2197 4176; baseline -0.009 -21"><span class='ocrx_word' id='word_1_439' title='bbox 1206 4081 1370 4172; x_wconf 87' lang='lat' dir='ltr'><strong>Quarum</strong></span> <span class='ocrx_word' id='word_1_440' title='bbox 1402 4083 1501 4176; x_wconf 89' lang='lat' dir='ltr'><strong>prior</strong></span> <span class='ocrx_word' id='word_1_441' title='bbox 1529 4094 1597 4152; x_wconf 87' lang='lat' dir='ltr'><strong>est:</strong></span> <span class='ocrx_word' id='word_1_442' title='bbox 1645 4069 1725 4152; x_wconf 81' lang='lat' dir='ltr'><strong>Cur</strong></span> <span class='ocrx_word' id='word_1_443' title='bbox 1741 4071 1855 4171; x_wconf 85' lang='lat' dir='ltr'><strong>filius</strong></span> <span class='ocrx_word' id='word_1_444' title='bbox 1884 4071 1964 4148; x_wconf 85' lang='lat' dir='ltr'><strong>Dei</strong></span> <span class='ocrx_word' id='word_1_445' title='bbox 1990 4073 2197 4148; x_wconf 81' lang='lat' dir='ltr'><strong>nominetur</strong></span> 
     </span>
     <span class='ocr_line' id='line_1_39' title="bbox 836 4177 1339 4285; baseline -0.008 -27"><span class='ocrx_word' id='word_1_446' title='bbox 836 4266 846 4278; x_wconf 53' lang='grc'>,</span> <span class='ocrx_word' id='word_1_447' title='bbox 1205 4177 1339 4285; x_wconf 71' lang='grc' dir='ltr'><strong><em>λόγοςῖ</em></strong></span> 
     </span>
     <span class='ocr_line' id='line_1_40' title="bbox 167 4295 2195 4396; baseline -0.006 -15"><span class='ocrx_word' id='word_1_448' title='bbox 167 4315 313 4391; x_wconf 66' lang='lat' dir='ltr'><strong>Null,</strong></span> <span class='ocrx_word' id='word_1_449' title='bbox 375 4357 380 4366; x_wconf 88' lang='lat'>·</span> <span class='ocrx_word' id='word_1_450' title='bbox 780 4357 783 4364; x_wconf 68' lang='lat'><strong>,</strong></span> <span class='ocrx_word' id='word_1_451' title='bbox 982 4345 1032 4387; x_wconf 77' lang='lat' dir='ltr'><strong>sn.</strong></span> <span class='ocrx_word' id='word_1_452' title='bbox 1049 4322 1144 4390; x_wconf 80' lang='lat'><strong>1559,</strong></span> <span class='ocrx_word' id='word_1_453' title='bbox 1306 4299 1443 4376; x_wconf 87' lang='lat' dir='ltr'><strong>Usitata</strong></span> <span class='ocrx_word' id='word_1_454' title='bbox 1467 4299 1645 4372; x_wconf 88' lang='lat' dir='ltr'><strong>enarratio</strong></span> <span class='ocrx_word' id='word_1_455' title='bbox 1662 4313 1733 4386; x_wconf 89' lang='lat' dir='ltr'><strong>est,</strong></span> <span class='ocrx_word' id='word_1_456' title='bbox 1759 4313 1896 4396; x_wconf 80' lang='lat' dir='ltr'><strong>quaest</strong></span> <span class='ocrx_word' id='word_1_457' title='bbox 1911 4301 2005 4392; x_wconf 91' lang='lat' dir='ltr'><strong>apud</strong></span> <span class='ocrx_word' id='word_1_458' title='bbox 2021 4295 2195 4368; x_wconf 89' lang='lat' dir='ltr'><strong>Basilium</strong></span> 
     </span>
     <span class='ocr_line' id='line_1_41' title="bbox 156 4399 2194 4500; baseline -0.011 -10"><span class='ocrx_word' id='word_1_459' title='bbox 156 4413 331 4442; x_wconf 50' lang='grc' dir='ltr'><strong><em>Μ</em></strong></span> <span class='ocrx_word' id='word_1_460' title='bbox 552 4413 556 4418; x_wconf 74' lang='grc'><strong>’</strong></span> <span class='ocrx_word' id='word_1_461' title='bbox 979 4409 1149 4470; x_wconf 47' lang='grc' dir='ltr'><strong>*Υ*</strong></span> <span class='ocrx_word' id='word_1_462' title='bbox 1206 4419 1321 4492; x_wconf 84' lang='lat' dir='ltr'><strong>extat,</strong></span> <span class='ocrx_word' id='word_1_463' title='bbox 1355 4405 1438 4500; x_wconf 88' lang='lat' dir='ltr'><strong>quia</strong></span> <span class='ocrx_word' id='word_1_464' title='bbox 1466 4403 1678 4499; x_wconf 81' lang='lat' dir='ltr'><strong>cogitatione</strong></span> <span class='ocrx_word' id='word_1_465' title='bbox 1697 4403 1876 4488; x_wconf 88' lang='lat' dir='ltr'><strong>nascitur,</strong></span> <span class='ocrx_word' id='word_1_466' title='bbox 1909 4425 1990 4472; x_wconf 92' lang='lat' dir='ltr'><strong>cum</strong></span> <span class='ocrx_word' id='word_1_467' title='bbox 2012 4399 2058 4470; x_wconf 91' lang='lat' dir='ltr'><strong>sit</strong></span> <span class='ocrx_word' id='word_1_468' title='bbox 2078 4399 2194 4490; x_wconf 83' lang='lat' dir='ltr'><strong>imago</strong></span> 
     </span>
     <span class='ocr_line' id='line_1_42' title="bbox 229 4505 1485 4606; baseline -0.008 -16"><span class='ocrx_word' id='word_1_469' title='bbox 229 4534 261 4590; x_wconf 86' lang='lat' dir='ltr'><strong>ln</strong></span> <span class='ocrx_word' id='word_1_470' title='bbox 283 4533 449 4590; x_wconf 70' lang='lat' dir='ltr'><strong>Orationem</strong></span> <span class='ocrx_word' id='word_1_471' title='bbox 469 4533 501 4590; x_wconf 87' lang='lat' dir='ltr'><strong>T.</strong></span> <span class='ocrx_word' id='word_1_472' title='bbox 515 4536 546 4588; x_wconf 78' lang='lat' dir='ltr'><strong>V.</strong></span> <span class='ocrx_word' id='word_1_473' title='bbox 567 4551 594 4602; x_wconf 77' lang='lat' dir='ltr'><strong>p.</strong></span> <span class='ocrx_word' id='word_1_474' title='bbox 610 4533 668 4592; x_wconf 77' lang='lat'><strong>178.</strong></span> <span class='ocrx_word' id='word_1_475' title='bbox 703 4532 831 4589; x_wconf 76' lang='lat' dir='ltr'><strong>Richard.</strong></span> <span class='ocrx_word' id='word_1_476' title='bbox 845 4533 878 4590; x_wconf 83' lang='lat' dir='ltr'><strong>T.</strong></span> <span class='ocrx_word' id='word_1_477' title='bbox 891 4533 937 4590; x_wconf 88' lang='grc' dir='ltr'>ΙΙΙ.</span> <span class='ocrx_word' id='word_1_478' title='bbox 960 4534 1059 4606; x_wconf 69' lang='lat' dir='ltr'><strong>ptus.</strong></span> <span class='ocrx_word' id='word_1_479' title='bbox 1079 4541 1106 4586; x_wconf 87' lang='lat' dir='ltr'><strong>et</strong></span> <span class='ocrx_word' id='word_1_480' title='bbox 1126 4534 1155 4586; x_wconf 89' lang='lat' dir='ltr'><strong>in</strong></span> <span class='ocrx_word' id='word_1_481' title='bbox 1207 4510 1341 4581; x_wconf 69' lang='lat' dir='ltr'><strong>aelernl</strong></span> <span class='ocrx_word' id='word_1_482' title='bbox 1358 4505 1485 4580; x_wconf 68' lang='lat' dir='ltr'><strong>Palrlss</strong></span> 
     </span>
     <span class='ocr_line' id='line_1_43' title="bbox 263 4601 2246 4701; baseline -0.008 -43"><span class='ocrx_word' id='word_1_483' title='bbox 263 4603 608 4673; x_wconf 63' lang='lat' dir='ltr'><strong>Orationibuspostrernis</strong></span> <span class='ocrx_word' id='word_1_484' title='bbox 623 4622 649 4672; x_wconf 88' lang='lat' dir='ltr'><strong>p.</strong></span> <span class='ocrx_word' id='word_1_485' title='bbox 664 4603 721 4658; x_wconf 75' lang='lat'><strong>185.</strong></span> <span class='ocrx_word' id='word_1_486' title='bbox 759 4601 1156 4688; x_wconf 72' lang='lat' dir='ltr'><strong>ltemiubled.Cons.P.ll.</strong></span> <span class='ocrx_word' id='word_1_487' title='bbox 1309 4621 1432 4698; x_wconf 63' lang='lat' dir='ltr'><strong>Alma</strong></span> <span class='ocrx_word' id='word_1_488' title='bbox 1462 4621 1638 4696; x_wconf 55' lang='lat' dir='ltr'>enarratio</span> <span class='ocrx_word' id='word_1_489' title='bbox 1663 4635 1715 4692; x_wconf 51' lang='lat' dir='ltr'><strong>est</strong></span> <span class='ocrx_word' id='word_1_490' title='bbox 1734 4618 1948 4694; x_wconf 61' lang='lat' dir='ltr'>Nazifflzeni</span> <span class='ocrx_word' id='word_1_491' title='bbox 1972 4631 2007 4688; x_wconf 61' lang='lat' dir='ltr'><strong>et</strong></span> <span class='ocrx_word' id='word_1_492' title='bbox 2032 4617 2197 4701; x_wconf 58' lang='lat' dir='ltr'><strong>aliorum,</strong></span> <span class='ocrx_word' id='word_1_493' title='bbox 2235 4631 2246 4642; x_wconf 81' lang='grc'><strong><em>,</em></strong></span> 
     </span>
    </p>
   </div>
   <div class='ocr_carea' id='block_1_13' title="bbox 262 4671 2197 4828">
    <p class='ocr_par' dir='ltr' id='par_1_13' title="bbox 262 4671 2197 4828">
     <span class='ocr_line' id='line_1_44' title="bbox 262 4671 2197 4828; baseline 0.019 -52"><span class='ocrx_word' id='word_1_494' title='bbox 262 4671 364 4746; x_wconf 57' lang='lat'><strong>&#39;⁸⁵⁶²&#39;</strong></span> <span class='ocrx_word' id='word_1_495' title='bbox 1208 4732 1291 4828; x_wconf 87' lang='lat' dir='ltr'><strong>quia</strong></span> <span class='ocrx_word' id='word_1_496' title='bbox 1313 4729 1359 4801; x_wconf 90' lang='lat' dir='ltr'><strong>sit</strong></span> <span class='ocrx_word' id='word_1_497' title='bbox 1384 4751 1534 4821; x_wconf 85' lang='lat' dir='ltr'><strong>persona</strong></span> <span class='ocrx_word' id='word_1_498' title='bbox 1559 4725 1763 4796; x_wconf 85' lang='lat' dir='ltr'><strong>immediate</strong></span> <span class='ocrx_word' id='word_1_499' title='bbox 1785 4723 1972 4816; x_wconf 68' lang='lat' dir='ltr'><strong>alloquens</strong></span> <span class='ocrx_word' id='word_1_500' title='bbox 1993 4717 2134 4809; x_wconf 57' lang='lat' dir='ltr'><strong>Panes,</strong></span> <span class='ocrx_word' id='word_1_501' title='bbox 2162 4733 2197 4790; x_wconf 68' lang='lat'><strong>⁰¹</strong></span> 
     </span>
    </p>
   </div>
   <div class='ocr_carea' id='block_1_14' title="bbox 159 4818 2201 5442">
    <p class='ocr_par' dir='ltr' id='par_1_14' title="bbox 160 4818 2197 4942">
     <span class='ocr_line' id='line_1_45' title="bbox 160 4818 2197 4942; baseline -0.018 -15"><span class='ocrx_word' id='word_1_502' title='bbox 160 4857 340 4939; x_wconf 72' lang='lat' dir='ltr'><strong>Quaestio</strong></span> <span class='ocrx_word' id='word_1_503' title='bbox 365 4859 532 4927; x_wconf 74' lang='lat' dir='ltr'><strong>recitato</strong></span> <span class='ocrx_word' id='word_1_504' title='bbox 554 4875 579 4923; x_wconf 85' lang='grc' dir='ltr'><strong><em>ο</em></strong></span> <span class='ocrx_word' id='word_1_505' title='bbox 604 4855 749 4926; x_wconf 80' lang='lat' dir='ltr'><strong>Paulo</strong></span> <span class='ocrx_word' id='word_1_506' title='bbox 776 4851 938 4942; x_wconf 61' lang='lat' dir='ltr'><strong>Eburo,</strong></span> <span class='ocrx_word' id='word_1_507' title='bbox 970 4855 1021 4926; x_wconf 78' lang='lat' dir='ltr'><strong>D,</strong></span> <span class='ocrx_word' id='word_1_508' title='bbox 1046 4852 1157 4924; x_wconf 57' lang='lat' dir='ltr'><strong>paule</strong></span> <span class='ocrx_word' id='word_1_509' title='bbox 1208 4834 1308 4906; x_wconf 90' lang='lat' dir='ltr'><strong>omni</strong></span> <span class='ocrx_word' id='word_1_510' title='bbox 1339 4845 1498 4924; x_wconf 86' lang='lat' dir='ltr'><strong>tempore</strong></span> <span class='ocrx_word' id='word_1_511' title='bbox 1527 4830 1567 4900; x_wconf 90' lang='lat' dir='ltr'><strong>in</strong></span> <span class='ocrx_word' id='word_1_512' title='bbox 1597 4823 1755 4900; x_wconf 87' lang='lat' dir='ltr'><strong>Ecclesia</strong></span> <span class='ocrx_word' id='word_1_513' title='bbox 1788 4847 1932 4894; x_wconf 87' lang='lat' dir='ltr'><strong>servans</strong></span> <span class='ocrx_word' id='word_1_514' title='bbox 1959 4818 2197 4894; x_wconf 81' lang='lat' dir='ltr'><strong>ministerium</strong></span> 
     </span>
    </p>

    <p class='ocr_par' dir='ltr' id='par_1_15' title="bbox 258 4924 2198 5055">
     <span class='ocr_line' id='line_1_46' title="bbox 258 4924 2198 5055; baseline -0.02 -24"><span class='ocrx_word' id='word_1_515' title='bbox 258 4951 359 5052; x_wconf 70' lang='lat' dir='ltr'><strong>filios</strong></span> <span class='ocrx_word' id='word_1_516' title='bbox 387 4977 506 5050; x_wconf 77' lang='lat' dir='ltr'><strong>quare</strong></span> <span class='ocrx_word' id='word_1_517' title='bbox 527 4950 630 5054; x_wconf 74' lang='lat' dir='ltr'><strong>filim</strong></span> <span class='ocrx_word' id='word_1_518' title='bbox 650 4957 727 5028; x_wconf 82' lang='lat' dir='ltr'><strong>Det</strong></span> <span class='ocrx_word' id='word_1_519' title='bbox 752 4953 907 5028; x_wconf 74' lang='lat' dir='ltr'><strong>dicotur</strong></span> <span class='ocrx_word' id='word_1_520' title='bbox 929 4947 1061 5055; x_wconf 71' lang='lat' dir='ltr'><strong>idyogi</strong></span> <span class='ocrx_word' id='word_1_521' title='bbox 1141 4932 1151 4944; x_wconf 75' lang='lat'>.</span> <span class='ocrx_word' id='word_1_522' title='bbox 1208 4933 1416 5024; x_wconf 76' lang='lat' dir='ltr'><strong>Evangelii,</strong></span> <span class='ocrx_word' id='word_1_523' title='bbox 1440 4945 1475 5002; x_wconf 85' lang='lat' dir='ltr'><strong>et</strong></span> <span class='ocrx_word' id='word_1_524' title='bbox 1497 4932 1617 5002; x_wconf 81' lang='lat' dir='ltr'><strong>efficax</strong></span> <span class='ocrx_word' id='word_1_525' title='bbox 1635 4953 1719 5000; x_wconf 86' lang='lat' dir='ltr'><strong>voce</strong></span> <span class='ocrx_word' id='word_1_526' title='bbox 1736 4925 1943 5018; x_wconf 87' lang='lat' dir='ltr'><strong>Evangelii,</strong></span> <span class='ocrx_word' id='word_1_527' title='bbox 1967 4925 2059 4996; x_wconf 78' lang='lat' dir='ltr'><strong>silut</strong></span> <span class='ocrx_word' id='word_1_528' title='bbox 2075 4924 2198 5016; x_wconf 86' lang='lat' dir='ltr'><strong>etipse</strong></span> 
     </span>
    </p>

    <p class='ocr_par' dir='ltr' id='par_1_16' title="bbox 1209 5019 2198 5130">
     <span class='ocr_line' id='line_1_47' title="bbox 1209 5019 2198 5130; baseline -0.017 -20"><span class='ocrx_word' id='word_1_529' title='bbox 1209 5039 1311 5110; x_wconf 87' lang='lat' dir='ltr'><strong>dicit:</strong></span> <span class='ocrx_word' id='word_1_530' title='bbox 1338 5031 1407 5130; x_wconf 86' lang='grc' dir='ltr'><strong>τὴν</strong></span> <span class='ocrx_word' id='word_1_531' title='bbox 1437 5029 1556 5128; x_wconf 76' lang='grc' dir='ltr'><strong><em>ἀρχὴν</em></strong></span> <span class='ocrx_word' id='word_1_532' title='bbox 1584 5027 1641 5104; x_wconf 81' lang='grc' dir='ltr'><strong>ότι</strong></span> <span class='ocrx_word' id='word_1_533' title='bbox 1667 5025 1731 5104; x_wconf 81' lang='grc' dir='ltr'><strong>καὶ</strong></span> <span class='ocrx_word' id='word_1_534' title='bbox 1755 5033 1855 5104; x_wconf 79' lang='grc' dir='ltr'><strong><em>λαλῶ</em></strong></span> <span class='ocrx_word' id='word_1_535' title='bbox 1871 5023 1977 5122; x_wconf 78' lang='grc' dir='ltr'><strong><em>ὑμῖν.</em></strong></span> <span class='ocrx_word' id='word_1_536' title='bbox 2030 5021 2078 5098; x_wconf 87' lang='lat' dir='ltr'><strong>Et</strong></span> <span class='ocrx_word' id='word_1_537' title='bbox 2097 5019 2198 5096; x_wconf 89' lang='lat' dir='ltr'><strong>Esai:</strong></span> 
     </span>
    </p>

    <p class='ocr_par' dir='ltr' id='par_1_17' title="bbox 161 5119 2201 5238">
     <span class='ocr_line' id='line_1_48' title="bbox 161 5119 2201 5238; baseline -0.008 -26"><span class='ocrx_word' id='word_1_538' title='bbox 161 5119 261 5212; x_wconf 68' lang='lat' dir='ltr'><strong>(lum</strong></span> <span class='ocrx_word' id='word_1_539' title='bbox 292 5141 407 5212; x_wconf 88' lang='lat' dir='ltr'><strong>iussus</strong></span> <span class='ocrx_word' id='word_1_540' title='bbox 431 5164 546 5213; x_wconf 83' lang='lat' dir='ltr'><strong>essem</strong></span> <span class='ocrx_word' id='word_1_541' title='bbox 576 5135 644 5212; x_wconf 90' lang='lat' dir='ltr'><strong>hoc</strong></span> <span class='ocrx_word' id='word_1_542' title='bbox 673 5141 752 5210; x_wconf 91' lang='lat' dir='ltr'><strong>loco</strong></span> <span class='ocrx_word' id='word_1_543' title='bbox 783 5141 919 5234; x_wconf 89' lang='lat' dir='ltr'><strong>aliquid</strong></span> <span class='ocrx_word' id='word_1_544' title='bbox 944 5167 1158 5238; x_wconf 88' lang='lat' dir='ltr'><strong>proponere,</strong></span> <span class='ocrx_word' id='word_1_545' title='bbox 1209 5137 1501 5236; x_wconf 88' lang='lat' dir='ltr'><strong>quinquagesimo</strong></span> <span class='ocrx_word' id='word_1_546' title='bbox 1522 5133 1697 5218; x_wconf 73' lang='lat' dir='ltr'><strong>secundos</strong></span> <span class='ocrx_word' id='word_1_547' title='bbox 1722 5127 1799 5222; x_wconf 86' lang='lat' dir='ltr'><strong>Ego</strong></span> <span class='ocrx_word' id='word_1_548' title='bbox 1821 5131 1897 5226; x_wconf 74' lang='lat' dir='ltr'><strong>ipse&#39;</strong></span> <span class='ocrx_word' id='word_1_549' title='bbox 1912 5126 1974 5227; x_wconf 84' lang='lat' dir='ltr'><strong>qui</strong></span> <span class='ocrx_word' id='word_1_550' title='bbox 1991 5131 2119 5222; x_wconf 91' lang='lat' dir='ltr'><strong>loquor</strong></span> <span class='ocrx_word' id='word_1_551' title='bbox 2133 5129 2201 5200; x_wconf 85' lang='lat' dir='ltr'><strong>ad-</strong></span> 
     </span>
    </p>

    <p class='ocr_par' dir='ltr' id='par_1_18' title="bbox 159 5229 2201 5442">
     <span class='ocr_line' id='line_1_49' title="bbox 161 5229 2201 5330; baseline -0.012 -20"><span class='ocrx_word' id='word_1_552' title='bbox 161 5241 229 5314; x_wconf 87' lang='lat' dir='ltr'><strong>etsi</strong></span> <span class='ocrx_word' id='word_1_553' title='bbox 250 5265 328 5315; x_wconf 86' lang='lat' dir='ltr'><strong>mea</strong></span> <span class='ocrx_word' id='word_1_554' title='bbox 351 5257 446 5316; x_wconf 84' lang='lat' dir='ltr'><strong>aetas</strong></span> <span class='ocrx_word' id='word_1_555' title='bbox 462 5243 623 5316; x_wconf 92' lang='lat' dir='ltr'><strong>nondum</strong></span> <span class='ocrx_word' id='word_1_556' title='bbox 641 5243 769 5315; x_wconf 86' lang='lat' dir='ltr'><strong>idonea</strong></span> <span class='ocrx_word' id='word_1_557' title='bbox 786 5257 839 5314; x_wconf 89' lang='lat' dir='ltr'><strong>est</strong></span> <span class='ocrx_word' id='word_1_558' title='bbox 852 5247 895 5317; x_wconf 86' lang='lat' dir='ltr'><strong>ad</strong></span> <span class='ocrx_word' id='word_1_559' title='bbox 913 5245 1103 5330; x_wconf 81' lang='lat' dir='ltr'><strong>dicendum</strong></span> <span class='ocrx_word' id='word_1_560' title='bbox 1119 5245 1158 5316; x_wconf 85' lang='lat' dir='ltr'><strong>iu</strong></span> <span class='ocrx_word' id='word_1_561' title='bbox 1208 5267 1299 5316; x_wconf 88' lang='lat' dir='ltr'><strong>snm.</strong></span> <span class='ocrx_word' id='word_1_562' title='bbox 1351 5235 1399 5312; x_wconf 91' lang='lat' dir='ltr'><strong>Et</strong></span> <span class='ocrx_word' id='word_1_563' title='bbox 1413 5229 1617 5318; x_wconf 86' lang='lat' dir='ltr'><strong>dulcissime</strong></span> <span class='ocrx_word' id='word_1_564' title='bbox 1630 5235 1749 5328; x_wconf 91' lang='lat' dir='ltr'><strong>inquit</strong></span> <span class='ocrx_word' id='word_1_565' title='bbox 1762 5233 1946 5321; x_wconf 84' lang='lat' dir='ltr'><strong>irenaeus:</strong></span> <span class='ocrx_word' id='word_1_566' title='bbox 1973 5231 2122 5326; x_wconf 82' lang='lat' dir='ltr'><strong>Semper</strong></span> <span class='ocrx_word' id='word_1_567' title='bbox 2137 5231 2201 5302; x_wconf 72' lang='lat' dir='ltr'><strong>ad.</strong></span> 
     </span>
     <span class='ocr_line' id='line_1_50' title="bbox 159 5331 1663 5442; baseline -0.013 -24"><span class='ocrx_word' id='word_1_568' title='bbox 159 5345 473 5442; x_wconf 71' lang='lat' dir='ltr'><strong>‚tantalreqnentia</strong></span> <span class='ocrx_word' id='word_1_569' title='bbox 490 5355 615 5416; x_wconf 75' lang='lat' dir='ltr'><strong>senum</strong></span> <span class='ocrx_word' id='word_1_570' title='bbox 633 5359 668 5415; x_wconf 83' lang='lat' dir='ltr'><strong>el</strong></span> <span class='ocrx_word' id='word_1_571' title='bbox 684 5346 926 5432; x_wconf 86' lang='lat' dir='ltr'><strong>eruditorum,</strong></span> <span class='ocrx_word' id='word_1_572' title='bbox 951 5371 1080 5442; x_wconf 84' lang='lat' dir='ltr'><strong>tneque</strong></span> <span class='ocrx_word' id='word_1_573' title='bbox 1096 5371 1158 5418; x_wconf 81' lang='lat' dir='ltr'><strong>ve.</strong></span> <span class='ocrx_word' id='word_1_574' title='bbox 1208 5345 1277 5418; x_wconf 80' lang='lat' dir='ltr'><strong>fuit</strong></span> <span class='ocrx_word' id='word_1_575' title='bbox 1293 5337 1473 5416; x_wconf 71' lang='lat' dir='ltr'><strong>Ecclesiae</strong></span> <span class='ocrx_word' id='word_1_576' title='bbox 1490 5331 1608 5437; x_wconf 65' lang='grc' dir='ltr'><strong><em>λόγος,</em></strong></span> <span class='ocrx_word' id='word_1_577' title='bbox 1656 5377 1663 5386; x_wconf 82' lang='lat'>·</span> 
     </span>
    </p>
   </div>
   <div class='ocr_carea' id='block_1_15' title="bbox 215 5435 1730 5518">
    <p class='ocr_par' dir='ltr' id='par_1_19' title="bbox 215 5435 1730 5518">
     <span class='ocr_line' id='line_1_51' title="bbox 215 5435 1730 5518; baseline -0.001 -1"><span class='ocrx_word' id='word_1_578' title='bbox 215 5451 394 5517; x_wconf 73' lang='lat' dir='ltr'><strong>Mensura.</strong></span> <span class='ocrx_word' id='word_1_579' title='bbox 413 5452 518 5516; x_wconf 83' lang='lat' dir='ltr'><strong>Orsn.</strong></span> <span class='ocrx_word' id='word_1_580' title='bbox 534 5449 617 5516; x_wconf 84' lang='lat' dir='ltr'><strong>Vos.</strong></span> <span class='ocrx_word' id='word_1_581' title='bbox 633 5449 680 5518; x_wconf 88' lang='lat' dir='ltr'><strong>X.</strong></span> <span class='ocrx_word' id='word_1_582' title='bbox 1679 5435 1730 5516; x_wconf 82' lang='grc'><strong>56</strong></span> 
     </span>
    </p>
   </div>
   <div class='ocr_carea' id='block_1_16' title="bbox 1200 3229 2225 3324">
    <p class='ocr_par' dir='ltr' id='par_1_20' title="bbox 1200 3229 2225 3324">
     <span class='ocr_line' id='line_1_52' title="bbox 1200 3229 2225 3324; baseline -0.002 -24"><span class='ocrx_word' id='word_1_583' title='bbox 1200 3232 1314 3318; x_wconf 90' lang='lat' dir='ltr'><strong>vavit,</strong></span> <span class='ocrx_word' id='word_1_584' title='bbox 1339 3245 1374 3302; x_wconf 92' lang='lat' dir='ltr'><strong>et</strong></span> <span class='ocrx_word' id='word_1_585' title='bbox 1388 3257 1469 3318; x_wconf 89' lang='lat' dir='ltr'><strong>oro,</strong></span> <span class='ocrx_word' id='word_1_586' title='bbox 1494 3245 1533 3302; x_wconf 91' lang='lat' dir='ltr'><strong>ut</strong></span> <span class='ocrx_word' id='word_1_587' title='bbox 1549 3233 1714 3324; x_wconf 87' lang='lat' dir='ltr'><strong>deinceps</strong></span> <span class='ocrx_word' id='word_1_588' title='bbox 1728 3255 1794 3302; x_wconf 85' lang='lat' dir='ltr'><strong>uos</strong></span> <span class='ocrx_word' id='word_1_589' title='bbox 1809 3244 1925 3302; x_wconf 85' lang='lat' dir='ltr'><strong>servet</strong></span> <span class='ocrx_word' id='word_1_590' title='bbox 1941 3243 1974 3300; x_wconf 90' lang='lat' dir='ltr'><strong>et</strong></span> <span class='ocrx_word' id='word_1_591' title='bbox 1988 3229 2173 3322; x_wconf 86' lang='lat' dir='ltr'><strong>gubernet.</strong></span> <span class='ocrx_word' id='word_1_592' title='bbox 2222 3275 2225 3280; x_wconf 92' lang='lat'><em>-</em></span> 
     </span>
    </p>
   </div>
   <div class='ocr_carea' id='block_1_17' title="bbox 153 3503 1151 4016">
    <p class='ocr_par' dir='ltr' id='par_1_21' title="bbox 153 3503 1151 4016">
     <span class='ocr_line' id='line_1_53' title="bbox 153 3503 1150 3602; baseline -0.007 -24"><span class='ocrx_word' id='word_1_593' title='bbox 153 3530 238 3594; x_wconf 86' lang='lat' dir='ltr'><strong>nes,</strong></span> <span class='ocrx_word' id='word_1_594' title='bbox 264 3522 300 3580; x_wconf 87' lang='lat' dir='ltr'><strong>et</strong></span> <span class='ocrx_word' id='word_1_595' title='bbox 317 3509 437 3578; x_wconf 87' lang='lat' dir='ltr'><strong>defero</strong></span> <span class='ocrx_word' id='word_1_596' title='bbox 454 3507 697 3602; x_wconf 89' lang='lat' dir='ltr'><strong>quaestionem</strong></span> <span class='ocrx_word' id='word_1_597' title='bbox 713 3508 757 3574; x_wconf 93' lang='lat' dir='ltr'><strong>ad</strong></span> <span class='ocrx_word' id='word_1_598' title='bbox 775 3506 1009 3576; x_wconf 86' lang='lat' dir='ltr'><strong>clarissimum</strong></span> <span class='ocrx_word' id='word_1_599' title='bbox 1024 3503 1150 3576; x_wconf 91' lang='lat' dir='ltr'><strong>Domi-</strong></span> 
     </span>
     <span class='ocr_line' id='line_1_54' title="bbox 154 3600 1150 3701; baseline -0.004 -21"><span class='ocrx_word' id='word_1_600' title='bbox 154 3633 244 3682; x_wconf 87' lang='lat' dir='ltr'><strong>num</strong></span> <span class='ocrx_word' id='word_1_601' title='bbox 268 3606 461 3680; x_wconf 84' lang='lat' dir='ltr'><strong>Ductorem</strong></span> <span class='ocrx_word' id='word_1_602' title='bbox 486 3603 674 3685; x_wconf 76' lang='lat' dir='ltr'><strong>Andream</strong></span> <span class='ocrx_word' id='word_1_603' title='bbox 698 3600 862 3694; x_wconf 86' lang='lat' dir='ltr'><strong>Rosam,</strong></span> <span class='ocrx_word' id='word_1_604' title='bbox 894 3631 1000 3701; x_wconf 90' lang='lat' dir='ltr'><strong>quem</strong></span> <span class='ocrx_word' id='word_1_605' title='bbox 1024 3631 1087 3678; x_wconf 93' lang='lat' dir='ltr'><strong>oro</strong></span> <span class='ocrx_word' id='word_1_606' title='bbox 1106 3619 1150 3676; x_wconf 85' lang='lat' dir='ltr'><strong>ut</strong></span> 
     </span>
     <span class='ocr_line' id='line_1_55' title="bbox 156 3709 1151 3805; baseline -0.005 -24"><span class='ocrx_word' id='word_1_607' title='bbox 156 3725 191 3782; x_wconf 92' lang='lat' dir='ltr'><strong>et</strong></span> <span class='ocrx_word' id='word_1_608' title='bbox 214 3713 259 3782; x_wconf 89' lang='lat' dir='ltr'><strong>de</strong></span> <span class='ocrx_word' id='word_1_609' title='bbox 281 3713 486 3805; x_wconf 85' lang='lat' dir='ltr'><strong>quaestione</strong></span> <span class='ocrx_word' id='word_1_610' title='bbox 505 3712 599 3804; x_wconf 86' lang='lat' dir='ltr'><strong>ipsa,</strong></span> <span class='ocrx_word' id='word_1_611' title='bbox 623 3712 716 3782; x_wconf 90' lang='lat' dir='ltr'><strong>etde</strong></span> <span class='ocrx_word' id='word_1_612' title='bbox 734 3710 850 3782; x_wconf 90' lang='lat' dir='ltr'><strong>allatis</strong></span> <span class='ocrx_word' id='word_1_613' title='bbox 867 3709 1087 3790; x_wconf 90' lang='lat' dir='ltr'><strong>rationibus,</strong></span> <span class='ocrx_word' id='word_1_614' title='bbox 1112 3731 1151 3778; x_wconf 92' lang='lat' dir='ltr'><strong>ac</strong></span> 
     </span>
     <span class='ocr_line' id='line_1_56' title="bbox 155 3809 1151 3907; baseline -0.006 -23"><span class='ocrx_word' id='word_1_615' title='bbox 155 3814 323 3906; x_wconf 90' lang='lat' dir='ltr'><strong>pluribus</strong></span> <span class='ocrx_word' id='word_1_616' title='bbox 352 3814 432 3884; x_wconf 85' lang='lat' dir='ltr'><strong>aliis</strong></span> <span class='ocrx_word' id='word_1_617' title='bbox 463 3837 554 3907; x_wconf 85' lang='lat' dir='ltr'><strong>quae</strong></span> <span class='ocrx_word' id='word_1_618' title='bbox 583 3813 621 3882; x_wconf 90' lang='lat' dir='ltr'><strong>in</strong></span> <span class='ocrx_word' id='word_1_619' title='bbox 651 3825 786 3904; x_wconf 90' lang='lat' dir='ltr'><strong>partem</strong></span> <span class='ocrx_word' id='word_1_620' title='bbox 810 3824 998 3905; x_wconf 88' lang='lat' dir='ltr'><strong>utramque</strong></span> <span class='ocrx_word' id='word_1_621' title='bbox 1022 3809 1151 3882; x_wconf 89' lang='lat' dir='ltr'><strong>adduci</strong></span> 
     </span>
     <span class='ocr_line' id='line_1_57' title="bbox 154 3917 777 4016; baseline -0.008 -26"><span class='ocrx_word' id='word_1_622' title='bbox 154 3929 326 4008; x_wconf 85' lang='lat' dir='ltr'><strong>possunt,</strong></span> <span class='ocrx_word' id='word_1_623' title='bbox 348 3917 526 4016; x_wconf 87' lang='lat' dir='ltr'><strong>copiosius</strong></span> <span class='ocrx_word' id='word_1_624' title='bbox 542 3939 607 3992; x_wconf 84' lang='lat' dir='ltr'><strong>uos</strong></span> <span class='ocrx_word' id='word_1_625' title='bbox 621 3917 777 3990; x_wconf 86' lang='lat' dir='ltr'><strong>edoceat.</strong></span> 
     </span>
    </p>
   </div>
   <div class='ocr_carea' id='block_1_18' title="bbox 0 0 2461 5940">
    <p class='ocr_par' dir='ltr' id='par_1_22' title="bbox 0 0 2461 5940">
     <span class='ocr_line' id='line_1_58' title="bbox 0 0 2461 5940; baseline 0 0"><span class='ocrx_word' id='word_1_626' title='bbox 0 0 2461 5940; x_wconf 95' lang='lat' dir='ltr'><strong> </strong></span> 
     </span>
    </p>
   </div>
  </div>
 </body>
</html>
