4884 5950
261 241 382 395 lm·
431 354 433 358 ·
578 297 582 307 ’
710 375 715 386 .
754 259 1062 394 automno
1088 297 1165 378 ET
1198 293 1828 378 BREVES'CONClONEd.³
2202 305 2306 379 102⁰

182 513 187 528 ·
265 482 486 586 perniciosus
502 478 630 572 studiis
643 489 678 550 ct
692 475 882 550 iuventuti
931 471 1026 545 Nam
1039 465 1258 568 qitiregulas
1353 539 1356 544 .
1402 469 1629 546 'inseruimus
1649 474 1744 546 enim
1767 468 2083 548 linimentum
2099 468 2156 546 bis
2170 477 2306 548 uostris

263 597 451 684 ignorant,
483 571 620 656 etiamsi
649 592 831 672 utcunque
859 577 1050 648 verborum
1073 576 1174 668 copia
1198 572 1258 647 in·
1308 573 1465 666 legibus,
1492 576 1576 668 quia
1599 577 1716 647 brevis
1733 578 1855 668 regula
1876 592 1928 648 est
1942 577 2107 648 omnium
2120 576 2307 648 actium

263 690 391 768 structi
412 699 511 771 sunt,
543 699 662 755 tamen
688 703 763 752 non
791 703 929 772 semper
948 691 1084 750 norunt
1104 701 1144 748 ea
1165 688 1259 748 recte
1309 690 1530 760 nostrarum,
1558 702 1662 771 quam
1677 679 1766 750 utile
1783 692 1835 780 cst
1855 702 1992 771 semper
2011 691 2131 750 ruente
2150 679 2307 750 circuiu-
2384 695 2388 704 ·

264 800 460 868 contexere.
494 782 543 857 Et
559 808 640 856 cum
656 783 701 854 dc
716 780 865 878 Syutaxi
880 781 1058 868 dubitant,
1082 775 1168 852 haec
1183 779 1258 870 ipsa
1308 780 1421 864 ferre,
1454 802 1660 873 semperque
1681 780 1721 850 in
1743 793 1939 874 conspectu-
1956 775 2107 864 habere,
2132 794 2305 874 tauquam

265 892 452 968 haesitatio
465 891 619 960 deterret
631 907 691 954 eos
704 908 751 954 ne
763 884 875 955 latine
889 884 1085 978 loquantur
1097 895 1159 954 aut
1172 880 1261 952 scri·
1310 904 1473 952 normam
1490 881 1596 966 totius
1610 897 1752 954 nostrae
1767 883 1858 954 vitae
1874 896 1908 955 et
1921 881 2202 972 gubernationis.

266 999 366 1076 bant',
391 1017 432 1064 ac
444 991 553 1064 multi
568 989 711 1060 taudem
725 999 871 1078 propter
883 980 977 1056 hanc
991 984 1103 1075 ipsam
1119 1005 1259 1054 causam
1417 977 1466 1052 Et
1487 1007 1692 1076 quanquam
1713 984 1835 1056 multis
1862 985 1902 1054 in
1926 982 2086 1074 Collegio
2117 995 2238 1056 nostro
2262 983 2305 1054 in

152 1154 155 1161 .
267 1095 451 1190 desperato
485 1093 605 1164 fructu
640 1089 861 1172 studiorum,
906 1088 1075 1170 deserunt
1106 1079 1258 1159 scholas.
1312 1083 1477 1154 manibus
1495 1099 1578 1157 suut
1603 1085 1741 1176 politici
1764 1083 2066 1187 libriAristptelis
2090 1086 2306 1169 meliorum,

266 1199 447 1271 Volumus
468 1194 579 1286 igitur
602 1183 740 1284 regulas
764 1187 1024 1262 Grammaticos
1046 1203 1082 1261 et
1106 1187 1260 1280 proponi
1312 1198 1431 1256 tamen
1455 1181 1542 1255 haec
1564 1187 1681 1257 brevis
1705 1188 1834 1258 tabella
1849 1187 2023 1258 divinitus
2040 1187 2221 1279 proposita
2238 1210 2307 1279 per

268 1301 417 1374 etdisei,
511 1362 514 1368 Δ
1312 1284 1543 1378 Apostolum,
1585 1311 1651 1357 nos
1675 1290 1726 1358 de¹
1744 1289 1855 1379 magis
1883 1287 2088 1358 necessariis
2113 1288 2306 1360 virtutibus

368 1417 494 1491 semo
518 1412 626 1484 etiam
647 1409 856 1481 formandus
881 1421 951 1494 est,
985 1408 1066 1478 ideo
1089 1419 1261 1498 cogamur
1312 1389 1599 1466 commonefacit,
1620 1413 1739 1484 aquam
1762 1391 1840 1478 illa,
1874 1389 2036 1485 quamvis
2057 1389 2249 1480 diligenter
2269 1403 2307 1462 et

120 1967 125 1976 '
149 2009 151 2014 .
266 1943 388 2018 matici
401 1942 566 2014 meliores
583 1939 685 2022 liunt,
712 1935 774 2028 qui
796 1957 918 2004 versus
934 1932 1161 2003 mediocriter
1175 1931 1263 2001 scri-

269 1522 373 1618 pueri
395 1520 506 1590 latine
527 1515 646 1610 loqui,
665 1526 700 1584 et
720 1511 869 1601 siugulis
886 1509 1091 1602 septimanis
1108 1509 1261 1596 scribere

267 1639 329 1697 aut
344 1621 523 1714 epistolas,
548 1630 611 1688 sut
624 1614 846 1686 narrationes
865 1612 970 1683 aetati
986 1611 1248 1682 convenientes.

368 1737 417 1812 Et
432 1759 636 1832 quanquam
661 1753 876 1802 nonomncs
899 1743 1047 1800 naturae
1066 1729 1142 1820 pari
1158 1727 1262 1798 foeli-

266 1846 371 1918 citate
386 1863 528 1912 carmen
543 1837 693 1907 fundere
709 1847 871 1925 possunt,
894 1845 1012 1903 tamen
1029 1831 1112 1922 quia
1130 1827 1261 1900 Gram-

267 2051 379 2132 bunt,
405 2037 512 2115 ethic
528 2042 630 2110 labor
646 2037 788 2128 ingenia
809 2035 926 2104 acrius
942 2045 1097 2113 exercet,
1124 2047 1157 2103 et
1170 2031 1261 2102 Ροδ-

268 2167 386 2223 tarum
399 2144 555 2236 cognitio
566 2142 631 2215 alit
644 2139 745 2230 copia
760 2135 944 2222 sermonis,
963 2150 998 2206 et
1012 2136 1106 2205 acuit
1119 2134 1263 2216 iudicia,

251 2329 254 2334 ,
270 2250 478 2324 ostendatur
493 2240 775 2324 adolescentibus
790 2251 824 2308 et
840 2238 930 2308 ratio
947 2259 1113 2306 versuum
1128 2235 1262 2305 facien·
1273 2293 1285 2306 ,.

271 2357 422 2434 dorum,
457 2361 492 2418 et
518 2341 728 2414 eruditiores
761 2340 931 2409 misceant
956 2333 1026 2416 huc
1058 2336 1262 2408 exercitium

271 2448 451 2526 scribendi
464 2467 586 2517 versus
602 2443 730 2543 ceteris
741 2441 872 2510 latinae
889 2441 1032 2530 linguae
1055 2438 1239 2510 exercitiis.

175 2639 187 2664 ,
300 2641 306 2648 ,
359 2565 509 2639 Mittant
524 2563 630 2634 etiam
652 2551 893 2652 praeceptores
908 2557 1092 2628 domestici
1108 2556 1194 2626 disci
1197 2581 1263 2648 pu·

272 2675 325 2742 los
350 2671 394 2740 ad
419 2669 555 2760 aliquas
576 2662 745 2740 lectiones
766 2659 947 2754 publicas,
971 2658 1057 2752 ipsis
1072 2657 1199 2744 utiles,
1225 2669 1264 2728 ut

270 2777 350 2845 luce
373 2786 408 2843 et
429 2766 629 2862 frequentia
649 2763 874 2857 auditorum,
900 2774 934 2831 et
953 2759 1120 2832 varietate
1143 2783 1264 2829 rerum

276 2874 473 2947 excitentur
487 2871 534 2941 ad
549 2865 787 2950 Dialecticen,
811 2856 1071 2934 Arithmeticen
1084 2875 1118 2932 et
1128 2853 1266 2954 Sphae-

1312 1491 1506 1584 prudenter
1521 1491 1666 1561 collecta
1682 1485 1985 1592 Philosophorum
2003 1503 2195 1584 praccepta.

1400 1591 1643 1663 IubetPaulus
1658 1587 1801 1688 hos'qui
1816 1607 1984 1686 praesunt
1998 1591 2307 1677 itaercellereyir-

1315 1706 1405 1780 tute,
1439 1707 1481 1764 ut
1504 1717 1627 1764 eorum
1654 1696 1810 1788 exempla
1833 1696 2061 1788 praeluceant
2081 1695 2170 1767 aliis.
2221 1693 2308 1764 Non
2382 1769 2388 1780 ,

1313 1795 1413 1864 sinus
1429 1796 1593 1866 scandalo
1609 1796 1773 1882 caeteris,
1799 1821 1874 1867 nou
1894 1797 2071 1882 laxemus,
2097 1795 2167 1888 ipsi
2185 1789 2308 1878 frenos

1272 1929 1279 1940 ¹
1315 1897 1540 1990 discipliuae,
1565 1897 1690 1976 nealii
1709 1897 1789 1989 plus
1803 1897 1966 1968 licentiae
1983 1895 2052 1968 sibi
2069 1909 2214 1990 propter
2238 1921 2309 1966 no-

1315 2012 1386 2070 stra
1401 1999 1558 2090 exempla
1574 2013 1726 2073 sumant.

1415 2095 1463 2169 Et
1478 2100 1621 2192 quidem
1644 2099 1833 2192 praecipit,
1857 2111 1898 2170 ut
1913 2100 2023 2170 simus
2046 2100 2204 2194 exemplo
2218 2099 2309 2168 lide-

1315 2202 1422 2274 libus.
1452 2199 1728 2272 'Meminerimus
1742 2227 1813 2296 quo
1832 2200 1872 2268 iri
1887 2215 1988 2271 coctu
2003 2226 2203 2282 versemur,
2229 2225 2309 2270 non

1315 2302 1410 2374 iuter
1431 2299 1623 2396 Cyclopas,
1656 2301 1959 2385 autCentauros,
1985 2319 2059 2372 non
2084 2303 2124 2371 in
2145 2301 2309 2372 ¹Platonis

1315 2402 1519 2487 Academia,
1545 2406 1603 2493 sed
1620 2405 1659 2472 in
1674 2401 1831 2475 Ecclesia
1845 2401 1924 2488 Dei,
1944 2403 1982 2472 in
1998 2429 2066 2498 qua
2079 2401 2177 2474 Deus
2192 2416 2310 2474 aeter-

1317 2527 1384 2574 nus
1400 2519 1499 2596 pater
1513 2501 1662 2576 Domini
1676 2506 1789 2576 nostri
1805 2501 1884 2576 lesu
1899 2500 2047 2590 Christi,
2072 2517 2107 2575 ct
2120 2506 2214 2575 lilius
2231 2505 2309 2575 eius

1316 2605 1493 2680 Dominus
1509 2621 1630 2680 noster
1646 2605 1742 2678 lesus
1755 2603 1918 2690 Christus
1935 2609 2076 2692 adsunt,
2099 2620 2134 2677 ct
2150 2606 2309 2699 Spiritus

1317 2721 1457 2779 sanctus
1470 2699 1550 2780 iere
1563 2709 1603 2777 iu
1613 2710 1807 2780 multorum
1820 2709 2084 2780 adolescentum
2097 2711 2205 2779 corda
2216 2708 2310 2778 eliu-

1318 2833 1377 2880 sus
1393 2823 1470 2918 est,
1485 2809 1548 2880 ubi
1567 2823 1603 2881 et
1619 2811 1763 2904 spiritus
1786 2811 1934 2900 angelici
1947 2807 2025 2880 Deo
2043 2805 2163 2891 chari,
2187 2823 2309 2880 custo-

1317 2914 1380 2981 des
1409 2923 1491 2981 sunt
1517 2907 1646 2982 horum
1671 2911 1864 3002 agminum,
1914 2908 2000 3002 Hoc
2021 2910 2089 2981 Dei
2114 2910 2309 3003 Templum

274 2999 364 3086 'im‘
424 3046 426 3052 ’
560 3088 568 3106 ‚
651 3087 660 3104 ,
927 3083 936 3100 ,
1234 3079 1243 3098 ,
1318 3008 1541 3106 prophanare
1566 3027 1600 3083 et
1623 3015 1801 3104 polluere,
1826 3027 1860 3084 et
1880 3013 1980 3107 quasi
1996 3011 2114 3084 Deum
2134 3013 2310 3103 expellere

378 3087 500 3163 M⁰¹e³
524 3101 628 3158 ΒΜ
650 3085 811 3156 mfirmae
830 3095 955 3154 amm
986 3077 1133 3154 h⁰n⁰⁸²⁰
1155 3094 1188 3152 εἰ
1209 3104 1265 3174 9¹⁶
1319 3137 1360 3184 ex
1382 3108 1450 3183 hoc
1472 3115 1671 3200 domicilio,
1703 3137 1871 3205 magnum
1902 3115 2015 3184 scelus
2045 3137 2118 3184 esse
2147 3114 2309 3183 sciamus.

278 3207 401 3286 regant
421 3191 517 3286 quod
541 3189 692 3305 quidem·
710 3187 840 3256 facient
860 3183 1018 3276 facilius,
1039 3185 1075 3303 'si
1103 3183 1265 3303 ordinem
1319 3213 1468 3310 Quoties
1490 3215 1529 3286 in
1556 3215 1790 3301 auditorium,
1823 3217 1862 3284 qn
1892 3237 2094 3286 commum
2123 3209 2311 3286 scholasti·

186 3355 189 3360 .
275 3297 472 3386 lectionum
494 3304 530 3362 et
552 3302 798 3360 exercitiorum
823 3286 1018 3376 prudenter
1037 3296 1266 3370 instituerint,
1319 3339 1398 3386 cum
1426 3315 1638 3408 ingrederis,
1669 3317 1788 3387 mia,
1817 3317 1857 3385 5ss
1886 3330 2062 3402 mentem,
2093 3330 2128 3387 te
2157 3317 2195 3385 in
2219 3339 2311 3386 tou·

276 3413 311 3470 et
327 3397 366 3468 iu
383 3394 543 3466 docendo
560 3390 742 3460 illecebras
758 3386 956 3456 miscebunt
980 3410 1021 3458 ex
1034 3386 1186 3503 quadam
1210 3378 1268 3452 hi·
1318 3432 1474 3508 spectum
1498 3415 1584 3498 Dei,
1616 3413 1752 3490 Christi
1778 3431 1812 3488 et
1833 3414 2055 3508 Angeqomm
2083 3419 2223 3500 mire,
2260 3419 2310 3490 ad

275 3499 487 3580 'mmmm’
517 3490 792 3574 ⁸⁰¹¹²²¹¹¹i³mm’
828 3487 1059 3573 &bellarum
1091 3488 1267 3558 d¹ci⁰¹¹¹m
1320 3542 1408 3613 quos
1423 3542 1496 3588 non
1511 3519 1724 3592 adferendos
1739 3533 1790 3589 est
1805 3532 2028 3610 contemptus
2042 3517 2163 3588 iudicii
2177 3518 2310 3604 divini,

277 3615 313 3674 et
334 3597 575 3689 exemplorum
591 3592 778 3676 varietate,
804 3603 845 3660 ut
859 3590 934 3680 ipsa
957 3613 1076 3661 rerum
1097 3587 1268 3704 suavitate
1317 3621 1380 3689 ,ed
1405 3643 1503 3690 men,
1527 3622 1603 3713 pia,
1629 3633 1665 3691 e,
1685 3634 1808 3712 petens
1835 3621 1951 3690 iuvari
1979 3636 2011 3691 e,
2027 3621 2218 3711 gubernari
2236 3644 2308 3690 m,

278 3701 392 3774 teneri
407 3697 519 3768 animi
535 3693 765 3811 invilffllffi'r·
780 3705 813 3762 ‘³¹
829 3691 1076 3809 dfiinefflffls
1101 3705 1135 3762 εἷ
1151 3689 1269 3808 'fifh'
1319 3735 1387 3790 stra
1404 3723 1538 3807 studia,
1563 3746 1653 3816 quae
1669 3745 1743 3792 non
1758 3735 1840 3791 suut
1853 3721 1990 3791 foelicia
2009 3737 2042 3791 et
2057 3723 2224 3793 salutaria
2240 3745 2311 3792 no·-

278 3828 350 3900 ‘1¹¹⁰
365 3801 473 3872 ¹¹¹⁰d⁰
490 3795 658 3890 fmfiffle
672 3795 741 3886 ἰΡεἰ
755 3793 968 3882 ῙΠῙΕΠῙΒΜῙ·
1019 3791 1072 3862 1Ῑᾶ
1087 3791 1269 3861 d⁰⁰²f¹¹¹³⁰
1320 3824 1375 3890 liis
1388 3821 1564 3893 Ecclesiae
1583 3839 1616 3894 et
1628 3821 1876 3914 Reipublicae,
1902 3823 1972 3892 uisi
1992 3849 2011 3892 a
2028 3821 2106 3893 Deo
2127 3824 2310 3900 iurentur.

278 3903 430 3976 dulcedo
459 3901 576 3970 flectet
594 3898 732 3967 animm
754 3896 798 3966 “d
822 3892 964 3966 Vifluffl
986 3917 1142 3963 mrem
1168 3905 1204 3962 ‘²
1225 3891 1268 3962 ad
1296 3971 1299 3976 -
1319 3923 1439 3994 Maior
1452 3947 1535 4016 ergo
1550 3925 1733 4014 diligentia
1754 3927 1990 4012 regendorum
2007 3947 2148 3996 morum
2166 3949 2185 3995 a
2202 3925 2310 3995 uobis

278 4001 572 4076 moderafiffl‘m·
1319 4026 1513 4114 flagitatur,
1545 4027 1626 4118 quia
1650 4027 1744 4096 cives
1765 4022 1944 4096 Ecclesiae
1967 4049 2105 4110 sumus,
2138 4051 2245 4120 quatu
2267 4027 2308 4096 in

1281 4131 1286 4140 '
1319 4121 1438 4196 schola
1454 4125 1613 4198 Platonis
1627 4141 1688 4197 aut
1702 4123 1902 4198 Aristotelis
1917 4127 2151 4218 flagitabatur.

1322 4267 1324 4272 ·
1422 4226 1520 4315 Quas
1534 4243 1650 4300 autem
1665 4229 1811 4300 virtutes
1827 4229 2013 4299 nominat?
2051 4227 2154 4314 Sitis,
2177 4228 2309 4322 inquit,

381 4337 505 4410 Mores
528 4335 691 4406 omnium
713 4331 903 4404 Lectorum
922 4329 1002 4401 sint
1025 4325 1184 4413 honesti,
1209 4330 1270 4422 pii,
1319 4330 1479 4421 exemplo
1495 4327 1672 4400 Ecclesiae
1686 4330 1764 4414 Dei,
1786 4330 1825 4398 in
1841 4323 2015 4416 sermone,
2035 4330 2074 4399 id
2089 4345 2152 4416 ert,
2176 4331 2217 4400 in
2230 4343 2308 4402 totu

279 4460 314 4517 et
330 4439 515 4532 inculpati,
541 4462 581 4508 ac
594 4436 625 4506 si
642 4459 712 4530 qua
728 4427 880 4525 suspicio
895 4453 1063 4522 vagarum
1078 4431 1269 4502 libidinum
1319 4455 1446 4522 genere
1468 4433 1659 4502 doctrinae.
1710 4431 1882 4526 Sequitur
1911 4432 2052 4501 infirma
2075 4447 2170 4503 actas
2191 4445 2308 4503 vestra

266 4560 343 4630 ,aut
365 4541 532 4614 adulterii
554 4541 599 4609 de
617 4539 737 4630 aliquo
762 4535 831 4606 crit
854 4559 895 4604 ex
918 4532 1170 4604 verisimilibus
1193 4547 1268 4606 orte
1318 4533 1468 4616 iudicia,
1494 4547 1647 4604 vestram
1663 4533 1990 4626 interpretationem
2006 4534 2051 4602 de
2068 4535 2176 4604 rebus
2193 4532 2309 4602 maxi·

282 4643 511 4728 coniecturis,
539 4639 704 4712 Decauus
728 4661 808 4708 cum
827 4635 960 4706 indicet
981 4631 1147 4720 Rectori,
1180 4645 1215 4704 et
1229 4657 1268 4705 re
1319 4633 1397 4704 mis.
1455 4633 1576 4723 Quare
1604 4635 1649 4704 sit
1675 4657 1757 4705 vera
1779 4648 1815 4706 ct
1834 4659 1923 4727 pura
1948 4635 2123 4710 doctriua,
2179 4631 2308 4725 Eugitc

282 4747 471 4841 inquisita,
495 4767 555 4814 reo
571 4743 738 4811 damnato
753 4739 957 4810 adimantur
969 4734 1073 4806 lectio
1086 4747 1120 4806 et
1137 4738 1267 4828 stipeu-
1318 4737 1442 4819 falsas,
1466 4737 1612 4826 impias,
1635 4736 1809 4806 immaues
1821 4735 2018 4828 opiniones.

282 4850 395 4920 dium.
443 4845 527 4916 Non
544 4843 640 4914 enirn
656 4854 796 4914 tantum
809 4835 1047 4910 Ecclesiarum
1063 4838 1268 4930 pastoribus,
1300 4915 1303 4922 ,
1422 4835 1613 4932 Postquam
1642 4839 1687 4907 dc
1707 4838 1867 4910 doctriua
1899 4851 2123 4929 praeceptum
2151 4837 2309 4922 tradidit,

281 4952 346 5022 scd
366 4949 470 5017 nobis
492 4945 678 5030 omnibus,
700 4943 807 5013 etiam
827 4941 889 5035 qui
914 4940 1205 5026 adolescentiam,
1228 4939 1268 5008 in
1319 4939 1448 5008 deinde
1469 4941 1700 5010 concionatur
1720 4941 1765 5010 de
1785 4941 1946 5010 moribus
1967 4940 2007 5008 in
2030 4938 2311 5024 conversatione,

285 5075 355 5148 qua
371 5063 454 5122 sunt
466 5046 644 5119 Ecclesiae
658 5043 856 5129 seminaria,
877 5043 1033 5134 regimus
1046 5055 1081 5112 et
1096 5042 1268 5121 docemus,
1320 5041 1357 5111 id
1373 5054 1443 5124 est,
1468 5042 1507 5110 in
1524 5055 1665 5112 externa
1679 5041 1867 5140 disciplina
1885 5035 2051 5126 honesta,
2074 5041 2172 5112 iuxta
2187 5041 2310 5113 omnia

286 5151 491 5226 concionari
511 5148 663 5220 Paulum
683 5161 897 5225 statuamusi
923 5169 1002 5215 cum
1020 5143 1152 5236 inquit:
1181 5138 1269 5215 [illd
1321 5154 1502 5234 praecepta
1524 5143 1693 5233 decalogi.
1750 5139 1841 5214 Cum
1864 5143 1959 5214 cuim
1984 5143 2146 5214 nominat
2166 5165 2312 5214 conm-

285 5251 401 5336 τύπσς
415 5247 526 5352 γίνου
538 5254 617 5326 τῶν
629 5253 772 5322 πιστῶν
788 5247 829 5322 ἐν
845 5239 962 5346 λόγῳ,
989 5243 1029 5318 ἐν
1044 5237 1272 5344 ἀνάστρσφῃ,
1322 5245 1518 5326 rationem,
1552 5246 1598 5314 de
1624 5257 1700 5315 toto
1722 5265 1849 5336 genere
1876 5257 2098 5316 externarum
2127 5244 2312 5316 actionum

289 5358 330 5430 ἐν
354 5353 502 5454 dreng,
534 5350 575 5424 fv
600 5343 801 5442 πνεύματι,
836 5349 876 5422 ἐν
900 5341 1035 5432 πίστει,
1068 5345 1108 5420 ἐν
1130 5342 1269 5446 ἁγνείᾳ,
1322 5345 1500 5438 loquitur,
1524 5348 1621 5440 quod
1634 5347 1760 5419 usitate
1774 5347 1989 5444 vocamusiu
2010 5341 2311 5440 philosoph’niu-

287 5451 442 5554 πρόσεχε
458 5460 504 5550 τῇ
522 5444 742 5553 ἀναγνώσει.
1323 5445 1456 5556 stiriam
1471 5447 1718 5520 universalem.
1946 5479 1949 5486 ·
2107 5453 2119 5486 ’-

657 4203 888 4270 Undecima,
