4884 5950
277 211 350 289 stt
867 207 1295 303 Quansrtorttts
1327 209 1730 288 acauutsscalt
1888 219 1891 226 '
2247 216 2325 294 892
2368 211 2371 222 ’

380 384 461 478 Ago
490 388 597 458 etiam
630 383 759 477 gratias
789 381 1101 458 Reverendissimo
1129 401 1166 459 et
1189 385 1279 458 lllu-
1302 384 1307 415 '
1331 386 1479 457 nomine
1501 409 1599 472 meo,
1632 386 1671 458 in
1693 386 1811 458 medio
1835 411 1957 460 eorum
1979 409 2071 462 aum.
2128 385 2227 460 Haec
2242 411 2328 460 rero

281 491 454 567 strissimo
469 489 632 581 Principi
646 513 686 558 ac
700 487 881 572 Domino,
905 485 1064 560 Domino
1078 489 1280 579 Sigismun-
1333 501 1373 560 ut
1396 487 1442 558 sit
1463 489 1558 558 inter
1581 513 1648 558 nos
1670 489 1919 560 benevolentia
1932 503 2111 582 ,perpetua
2140 503 2175 561 et
2195 507 2328 565 crescat

281 600 329 669 do
352 590 629 684 Arcbiepiscopo
653 589 972 680 Magdeburgansi,
1010 589 1161 662 Primati
1186 590 1280 662 Ger·
1331 605 1438 684 atque
1453 591 1698 673 confirmetur,
1730 593 1847 686 sitque
1863 593 2008 664 initium
2025 591 2122 664 illius
2136 596 2276 666 aeterni
2292 608 2329 664 ει

280 697 422 768 maniae
439 709 504 766 etc.
533 696 627 786 quod
644 693 869 762 festivitatem
890 687 984 761 hanc
999 695 1280 764 renunciationis
1331 693 1514 764 laetissimi
1537 693 1758 784 complexus,
1789 720 1861 788 quo
1878 697 2039 766 fruemur
2060 695 2099 769 in
2112 695 2223 768 altera
2240 698 2330 782 vita,

241 831 246 836 ·
280 822 381 870 meae
396 796 654 867 celebrariase
665 795 817 866 voluerit
832 793 1033 882 perVirum
1044 797 1278 867 clarissimum
1331 795 1407 864 veri
1423 794 1637 888 perfectique
1654 809 1688 866 ει
1704 797 1821 866 divini
1838 811 1873 868 et
1888 798 2005 868 mutui
2026 798 2156 870 amoris
2171 799 2329 872 flammis

280 903 328 974 D.
350 891 513 972 Paulam
536 889 781 968 Praetorium.
831 893 902 966 Pro
927 923 996 990 qua
1020 912 1092 968 tam
1115 898 1280 968 clementi
1331 899 1514 974 ardentes,
1547 897 1587 966 in
1613 914 1804 991 conspectu
1827 900 1894 968 filit
1915 897 1984 970 Dei
2015 912 2050 970 et
2070 904 2330 974 cousuetudine

280 1005 465 1074 voluntate
485 1025 565 1092 erga
587 1027 662 1085 me,
695 995 910 1070 Celsitudini
936 1001 1047 1092 ipsius
1072 1001 1280 1071 memoriam
1331 997 1511 1069 Ecclesiae
1526 1001 1704 1086 coelestis,
1728 999 1965 1088 faciatDeus,
1989 1002 2052 1094 qui
2067 1016 2119 1074 est
2134 1004 2276 1076 dilectio
2292 1020 2328 1076 et

281 1121 316 1178 et
331 1105 583 1197 gratitudinem
601 1103 851 1192 sempiternam
866 1103 1048 1192 promitto.
1093 1101 1163 1194 lpsi
1175 1104 1280 1173 etiam
1331 1103 1413 1171 fons
1426 1103 1648 1172 concordiae.

280 1207 371 1278 Viro
387 1204 640 1278 clarissimoD.
656 1203 769 1274 Paulo
785 1202 987 1290 Praetorio,
1009 1221 1042 1274 et
1059 1207 1207 1294 gratiam
1223 1230 1281 1274 me
1433 1201 1587 1274 Easdem
1608 1205 1738 1294 gratias
1762 1209 1864 1278 vobis
1888 1230 1953 1298 ago
1975 1205 2177 1280 Reverendi
2200 1223 2233 1280 et
2251 1210 2326 1280 cla-

280 1313 410 1382 debere
434 1309 602 1401 profiteor
634 1321 669 1376 et
695 1307 956 1376 declaraturum
989 1308 1142 1398 recipio,
1183 1310 1278 1400 quod
1332 1306 1464 1374 tissimi
1480 1307 1548 1376 viri
1565 1305 1713 1378 Domini
1732 1305 1904 1380 Doctores
1927 1325 1961 1380 et
1981 1307 2200 1382 Professores
2218 1307 2325 1382 huius

281 1439 348 1506 pro
370 1413 482 1482 veteri
501 1410 763 1480 necessitudine
788 1423 908 1478 nostra
932 1409 1027 1480 inter
1048 1433 1204 1479 summas
1220 1435 1280 1480 oc·
1333 1422 1474 1478 nostrae
1496 1405 1708 1480 Academiae
1732 1410 1907 1496 universi,
1932 1410 2179 1508 Praeceptores
2202 1429 2235 1484 et
2251 1415 2327 1484 col-

281 1516 488 1609 cupatiortes
504 1509 633 1582 honori
656 1525 691 1582 et
705 1511 956 1582 existimationi
972 1536 1071 1581 meae
1086 1508 1179 1581 hanc
1196 1536 1281 1603 ope·
1332 1511 1428 1600 lagae
1449 1524 1619 1602 perpetua
1642 1513 1868 1586 observantia
1891 1515 2059 1599 colendi,
2076 1529 2110 1588 et
2131 1517 2198 1586 viri
2211 1515 2326 1588 Nobi-

279 1641 358 1688 ram
381 1619 482 1702 dare,
514 1631 548 1687 et
565 1611 632 1684 hoc
649 1614 765 1684 officio
781 1613 955 1684 adventus
976 1615 1030 1682 sui
1055 1615 1190 1684 efficere
1205 1639 1280 1684 non
1331 1613 1382 1682 les
1397 1628 1502 1706 atque
1517 1615 1626 1684 amici
1638 1617 1784 1700 caeteri,
1804 1612 2110 1710 quihonorismei
2125 1642 2221 1690 causa
2234 1643 2324 1690 con-

282 1722 329 1792 sit
351 1733 535 1811 gravatus,
566 1731 605 1788 ut
630 1711 717 1796 haec
740 1716 910 1786 festivitas
933 1731 966 1785 et
989 1712 1074 1786 haec
1092 1718 1280 1786 doctorum
1332 1715 1498 1805 venistis,
1532 1741 1611 1786 cum
1637 1719 1681 1788 de
1701 1718 1781 1788 aliis
1803 1720 1983 1793 beneficiis
2005 1722 2146 1806 vestris,
2177 1735 2251 1792 tum
2276 1724 2322 1790 de

282 1820 471 1894 homiuum
494 1845 626 1890 corona
648 1822 695 1888 ab
717 1820 794 1910 ipso
817 1819 922 1888 etiam
937 1818 1094 1902 auctior,
1121 1820 1281 1910 ornatior
1332 1818 1459 1887 eximia
1485 1832 1520 1887 et
1542 1821 1716 1892 constanti
1740 1822 2005 1906 benevolentia,
2031 1849 2138 1916 quam
2153 1824 2325 1914 singulari

281 1939 317 1995 et
333 1925 509 1996 illustrior
525 1923 743 1993 redderetur.
1240 1999 1244 2008 ,
1333 1915 1554 1990 humanitate
1575 1923 1778 1994 declarastis
1798 1938 1833 1995 et
1852 1925 2075 2016 praestitistis
2098 1921 2192 1996 mibi
2208 1927 2327 1996 multis

384 2027 530 2098 Debitas
545 2025 651 2097 etiam
669 2023 797 2113 gratias
811 2045 875 2112 ago
885 2020 1077 2112 Magnifico
1092 2020 1137 2097 D.
1146 2021 1280 2096 Recto·
1332 2021 1447 2092 annis.
1501 2019 1605 2094 Hanc
1628 2039 1670 2095 ut
1693 2026 1874 2096 retineatis
1891 2049 1971 2117 erga
1995 2052 2070 2108 me,
2096 2053 2165 2122 qua
2184 2051 2325 2120 possum

280 2134 336 2215 ri,
359 2143 394 2199 et
408 2128 556 2222 lnclytis
578 2151 617 2196 ac
635 2121 828 2195 Generosis
842 2123 1010 2194 Dominis
1030 2124 1231 2197 Comitibus
1247 2141 1281 2197 et
1332 2124 1563 2196 contentione
1580 2139 1678 2217 peto.
1736 2123 1814 2218 Ego
1835 2141 1877 2200 ut
1897 2129 2006 2200 semel
2021 2130 2205 2202 collectam
2222 2145 2326 2225 atque

281 2231 505 2314 Beronibus,
541 2243 575 2298 ct
589 2227 786 2298 Nobilitate
809 2252 848 2296 ac
873 2228 1003 2298 virtute
1020 2230 1280 2320 praestantibus
1332 2229 1494 2318 adeptam
1528 2251 1604 2298 non
1631 2244 1761 2300 temere
1781 2231 1993 2316 effundam,
2016 2233 2079 2302 sed
2105 2233 2199 2304 alam
2222 2246 2326 2326 atque

281 2333 485 2425 hospitibus
514 2331 677 2410 caeteris,
713 2329 879 2424 quicum
907 2332 950 2399 ad
984 2325 1050 2400 hos
1073 2353 1280 2420 congressus
1332 2353 1477 2419 augeam
1501 2331 1602 2398 omni
1627 2353 1709 2422 erga
1732 2357 1795 2404 vos
1816 2335 2016 2406 officiorum
2031 2349 2066 2406 ει
2079 2337 2325 2408 observantiae

281 2432 510 2508 scholasticos
535 2433 725 2518 accedunt,
757 2445 932 2502 testantur
955 2455 992 2500 se
1016 2449 1049 2504 ct
1071 2434 1279 2524 dignitatem
1331 2453 1476 2522 genere,
1503 2432 1618 2503 enitar
1629 2434 1765 2508 sedulo.
1816 2432 1865 2506 Et
1880 2461 2005 2528 precor
2017 2438 2156 2521 Deum,
2183 2433 2326 2508 utbanc

281 2541 469 2610 literarum
485 2536 704 2625 intelligere,
730 2549 764 2605 et
781 2529 845 2603 bas
866 2536 1101 2624 magnifacere
1115 2561 1156 2606 ac
1170 2560 1279 2606 vene-
1333 2533 1621 2604 coniunctionem
1638 2538 1841 2608 animorum
1858 2539 1954 2609 inter
1964 2562 2028 2610 nos
2043 2553 2077 2611 ει
2087 2541 2327 2624 concordiam,

280 2641 374 2728 rari,
401 2655 435 2711 et
449 2641 567 2734 favere
589 2633 739 2709 Scholae
757 2650 792 2708 et
806 2633 983 2707 Ecclesiae
1005 2652 1164 2722 nostrae,
1190 2661 1280 2731 quae
1332 2651 1367 2706 ει
1388 2633 1480 2705 hanc
1505 2639 1550 2706 de
1571 2662 1653 2708 vera
1678 2641 1840 2710 doctrina
1866 2641 1932 2710 filii
1955 2639 2025 2712 Dei
2044 2643 2326 2725 consensionem,

280 2741 484 2816 humanitas
504 2740 712 2830 dignissima
728 2754 779 2810 est
793 2740 962 2810 omnibus
982 2739 1043 2826 iis,
1070 2741 1132 2832 qui
1148 2740 1280 2810 illustri
1332 2762 1402 2833 qua
1417 2739 1501 2808 nixa
1518 2754 1552 2810 et
1572 2739 1662 2811 fulta
1687 2737 1773 2812 baec
1796 2737 1927 2832 Schola
1951 2740 2021 2813 Dei
2044 2745 2270 2835 providentia
2294 2759 2326 2814 ct

280 2850 360 2918 loco
376 2846 565 2929 natisunt,
588 2844 681 2918 etad
697 2843 816 2936 aliqua
831 2865 1050 2912 summarum
1066 2842 1280 2933 dignitatum
1331 2841 1580 2933 procuratione
1609 2837 1780 2915 hactenus
1804 2847 1964 2918 constitit
1989 2861 2025 2918 et
2048 2847 2190 2932 floruit,
2233 2871 2326 2918 uun-

279 2949 420 3040 lastigia
442 2947 573 3018 virtute
598 2959 633 3014 et
654 2947 760 3015 rebus
786 2945 876 3015 bene
898 2945 1141 3040 foeliciterque
1165 2945 1280 3036 gestis,
1332 2967 1437 3037 quam
1453 2942 1548 3016 sinat
1563 2946 1701 3018 turbari
1718 2962 1779 3018 aut
1796 2948 1955 3020 dissolvi.

274 3053 529 3124 ascenderunt.
1435 3043 1522 3114 Tibi
1545 3069 1629 3116 vero
1652 3049 1750 3118 omni
1765 3050 1863 3121 cultu
1886 3053 2103 3123 reverentiae
2120 3051 2325 3141 dignissime

386 3152 499 3221 Vobis
515 3148 813 3221 veroReverentli
827 3163 861 3218 et
876 3149 1064 3219 clarissimi
1081 3147 1178 3232 Viri,
1204 3148 1280 3240 pie-
1332 3145 1488 3216 Domine
1512 3145 1685 3235 Patrone,
1725 3149 1954 3245 Praeceptor,
1989 3153 2121 3224 Parena
2146 3169 2184 3225 ει
2210 3153 2326 3235 Socer,

281 3271 372 3338 tate,
406 3253 577 3342 dignitate
599 3267 633 3322 et
658 3253 822 3321 doctrina
845 3264 1078 3341 praestantes,
1109 3246 1280 3321 Doctores
1332 3251 1462 3341 quibus
1478 3252 1595 3321 verbis
1608 3277 1708 3343 agam
1724 3256 1870 3343 gratias,
1897 3258 1959 3350 qui
1972 3257 2040 3328 tibi
2055 3259 2166 3328 debeo
2181 3257 2324 3326 omnia?

284 3375 320 3429 ει
353 3356 575 3426 Professores
609 3350 821 3422 Academiae
861 3351 1042 3443 Lipsicae,
1085 3366 1120 3422 et
1152 3353 1281 3423 caeteri
1332 3350 1444 3422 Cuius
1460 3353 1591 3442 pietas,
1621 3355 1816 3445 sapientia,
1842 3359 1956 3428 virtus
1972 3373 2007 3430 ει
2030 3358 2187 3429 doctriua
2200 3358 2250 3427 ita
2265 3381 2322 3425 me

284 3459 459 3532 Doctores
480 3471 585 3550 atque
606 3456 766 3524 amiciet
793 3456 944 3524 maiores
967 3455 1036 3523 mei
1056 3477 1136 3524 cum
1158 3457 1280 3525 obser·
1333 3454 1515 3537 instruxit,
1543 3468 1583 3526 ut
1599 3457 1806 3528 affinitatem
1821 3474 1979 3530 nostram
1997 3477 2113 3553 postea
2133 3483 2206 3530 non
2224 3459 2319 3528 refu-

283 3563 405 3634 vantia
422 3559 580 3642 colendi,
599 3573 632 3628 ει
648 3559 714 3627 tibi
729 3558 894 3648 inprimis
903 3549 1281 3628 [oachimeCamera-
1332 3557 1434 3644 geris.
1495 3553 1593 3628 Haec
1620 3559 1797 3632 institutio
1821 3576 1855 3632 et
1880 3565 2098 3634 consuetudo
2114 3577 2192 3647 tua,
2217 3585 2322 3654 quam

285 3665 355 3752 rie,
382 3687 487 3757 quem
502 3677 535 3732 et
548 3683 630 3750 ego,
654 3675 694 3731 ut
708 3659 785 3730 lieri
801 3661 942 3745 debuit,
967 3659 1077 3749 patris
1091 3659 1168 3728 loco
1184 3683 1280 3729 sum·
1332 3657 1485 3728 affinitas
1512 3674 1632 3750 postea
1666 3677 1884 3757 consequuta
1915 3679 1988 3751 est,
2027 3691 2131 3738 causa
2160 3657 2254 3734 mibi
2275 3677 2325 3734 est

283 3791 342 3838 ma
358 3789 498 3856 semper
514 3765 741 3833 veneratione
760 3763 874 3848 colui,
907 3777 1036 3831 etcum
1054 3763 1279 3850 patriacom-
1333 3760 1495 3831 omnium
1522 3763 1799 3850 beneficiorum,
1837 3791 1927 3860 quae
1955 3793 1976 3838 a
2006 3765 2083 3838 Deo
2117 3768 2210 3839 vitae
2233 3790 2326 3836 meae

282 3870 387 3941 muni
417 3867 633 3950 Germania,
673 3889 796 3934 omnes
831 3879 968 3934 exterae
1001 3864 1162 3933 nationes
1196 3889 1280 3933 vero
1333 3887 1495 3932 concessa
1518 3877 1622 3950 sunt,
1654 3880 1689 3936 et
1710 3882 1794 3938 sunt
1814 3869 1989 3955 maxima,
2020 3885 2183 3955 etame‚
2210 3881 2248 3940 ut
2266 3891 2327 3958 par

284 3974 454 4064 gravique
469 3970 602 4038 iudicio
618 3968 815 4058 suspiciunt
825 3963 931 4060 atque
946 3967 1184 4036 admirantur:
1206 3965 1281 4035 Vo-
1333 3979 1404 4050 est,
1431 3989 1497 4057 pro
1509 3968 1670 4038 maximis
1680 3985 1960 4058 agnoscunturet
1969 3972 2208 4044 celebrantur.
2247 3968 2326 4040 Tua

284 4075 344 4144 bis
373 4095 455 4162 crgo
489 4072 658 4140 omnibus
691 4071 820 4160 gratias
854 4092 937 4159 ago,
975 4081 1124 4162 quantas
1158 4093 1281 4159 capere
1334 4068 1577 4154 etiamcausa,
1605 4073 1931 4163 quaenuncfiunt‚
1957 4075 2197 4148 fiuntomnia.
2238 4071 2325 4144 Nam

284 4188 398 4270 potest
414 4174 554 4243 animus
577 4197 698 4257 meus,
724 4175 821 4263 qnod
841 4167 972 4241 honori
989 4195 1066 4240 meo
1082 4172 1201 4240 favere
1218 4195 1281 4240 vos
1334 4169 1399 4238 etsi
1412 4171 1564 4242 multum
1581 4167 1674 4242 mihi
1689 4174 1861 4266 polliceor
1878 4179 1923 4245 de
1939 4190 2157 4248 caeterorum
2173 4201 2256 4268 erga
2271 4199 2324 4244 me

285 4275 492 4360 ostenditis,
517 4275 743 4344 attestamini
758 4299 840 4344 vera
855 4299 895 4344 ac
911 4275 1047 4344 sincera
1064 4275 1280 4342 benevoleu-
1334 4271 1479 4354 studiis,
1514 4287 1549 4342 et
1564 4276 1675 4346 multa
1693 4271 1784 4344 mibi
1806 4279 1851 4346 ab
1869 4273 1925 4348 his
1947 4279 2052 4350 etiam
2068 4281 2147 4350 dari
2164 4303 2241 4350 non
2259 4281 2324 4348 du-

284 4383 334 4452 tia
368 4403 431 4450 vos
461 4369 647 4448 nobiscum
679 4377 888 4446 coniunctos
919 4399 1009 4462 esse,
1052 4389 1086 4446 et
1112 4376 1282 4446 delectari
1334 4376 1430 4459 bito,
1464 4397 1578 4468 neque
1602 4378 1672 4470 ipsi
1696 4401 1752 4447 me
1778 4381 1941 4452 dubitare
1965 4383 2325 4464 voluntautsinunt3

285 4483 458 4561 amicitia,
485 4479 672 4572 colloquiis
695 4493 728 4548 et
747 4479 1003 4548 consuetudine
1025 4491 1155 4548 nostra.
1210 4476 1282 4549 Vos
1329 4479 1378 4548 'sit
1399 4476 1508 4566 igitur
1529 4492 1569 4548 ut
1583 4475 1673 4549 mihi
1686 4479 1821 4574 aliqua:
1849 4482 1933 4553 Tibi
1956 4497 2073 4554 tamen
2090 4465 2134 4557 ut·
2144 4486 2221 4556 dixi
2241 4489 2329 4556 dau-

285 4583 573 4675 circumspiciens
604 4585 647 4651 de
675 4581 739 4649 illo
761 4580 922 4650 Platonis
945 4582 1040 4650 dicto
1071 4581 1201 4668 cogito:
1238 4579 1281 4651 οὐ
1334 4593 1393 4650 tur
1408 4580 1547 4678 omnia,
1579 4583 1720 4674 quodsi
1743 4608 1816 4653 non
1840 4586 2035 4675 intelligam
2056 4601 2162 4682 atque
2189 4587 2329 4679 praedi-

284 4683 424 4782 χρυσὸς
447 4684 586 4784 ἄγλαος
607 4678 690 4755 otid'
717 4679 887 4776 ἄδαμας,
914 4678 998 4754 οὐδ’
1019 4675 1190 4778 dyptipov
1203 4677 1283 4754 xtt-
1334 4706 1428 4766 cem,
1454 4681 1562 4750 nimis
1579 4683 1647 4752 sim
1662 4686 1849 4777 imperitus
1863 4702 1967 4781 atque
1984 4688 2155 4778 ingratus.
2208 4687 2254 4760 lu
2278 4715 2329 4758 me

287 4813 351 4862 ναι
373 4783 464 4884 πρὸς
481 4785 691 4881 ἄνθρωπον
706 4779 997 4877 ὃοκιμαζόμεναι
1011 4782 1129 4864 οὕτως
1143 4778 1281 4874 despai-
1333 4808 1417 4853 vero
1442 4784 1472 4853 si
1491 4784 1578 4878 quid
1594 4786 1659 4857 tibi
1675 4802 1814 4876 gratum
1837 4803 1905 4871 est,
1935 4815 1998 4883 pro
2017 4817 2088 4885 quo
2107 4796 2185 4862 Deo
2199 4795 2329 4882 gratias
2420 4849 2421 4877 ,

287 4914 368 4964 πτει
389 4885 480 4980 πρὸς
502 4887 622 4985 ὄψεις,
658 4883 709 4968 ὥς
730 4885 894 4986 ἀγαθῶν
914 4883 1068 4980 ἀνδρῶν
1083 4879 1281 4981 ὁμοφράδ-
1333 4909 1397 4976 ago
1421 4900 1455 4956 et
1478 4887 1563 4971 tibi,
1595 4891 1671 4960 eius
1693 4891 1840 4962 nomine
1867 4893 1949 4962 ideo
1972 4895 2128 4983 gaudeo,
2159 4895 2246 4988 qnia
2264 4894 2329 4966 tibi

211 5057 214 5060 .
285 5017 372 5090 μων
391 4985 527 5082 νόησις.
589 4985 691 5060 Nihil
714 5006 765 5059 est
786 4991 933 5059 omnino
961 5003 1022 5058 aut
1046 4990 1282 5080 praestantius
1332 5003 1471 5078 gratum
1493 5003 1555 5063 est.
1613 4990 1705 5062 Nam
1730 4993 1795 5062 etsi
1817 4995 1861 5063 de
1890 4989 1946 5064 his
1966 4998 2207 5084 ornamentis,
2241 5021 2329 5091 quae
2419 5073 2420 5088 χ

286 5111 347 5169 aut
369 5093 508 5165 dulcius
531 5092 782 5162 coniunctione
804 5117 879 5162 non
906 5093 1022 5160 fucata
1044 5092 1222 5164 bonorum
1248 5106 1283 5162 et
1333 5085 1421 5158 milti
1448 5093 1519 5160 iarn
1543 5093 1670 5164 collata
1691 5111 1793 5180 sunt,
1824 5096 1871 5166 ita
1896 5098 2011 5168 sentio
2035 5113 2073 5170 ut
2092 5100 2226 5184 debeo,
2256 5125 2327 5170 nou

284 5201 429 5293 piorum
449 5195 754 5264 consentientium
787 5197 831 5264 de
861 5194 1059 5286 praecipuis
1090 5196 1214 5276 rebus,
1248 5208 1282 5264 et
1334 5207 1451 5262 tamen
1468 5195 1540 5262 illis
1556 5195 1642 5286 ipsis
1656 5212 1727 5268 tam
1744 5200 1879 5288 gaudeo
1895 5201 1972 5269 ullo
1996 5215 2155 5291 respectu
2170 5227 2252 5274 meo
2269 5218 2327 5274 aut

284 5299 354 5372 hoc
383 5319 557 5370 consensu
582 5296 807 5382 laetantium,
841 5297 885 5366 de
914 5297 1044 5390 quibus
1072 5296 1158 5365 dicit
1187 5297 1282 5364 lilius
1332 5319 1492 5365 meorum
1508 5297 1687 5381 omnium,
1713 5323 1819 5393 quarn
1830 5314 1863 5371 te
1876 5314 1911 5372 ει
1926 5297 2328 5376 honestissimamfami-

272 5397 370 5474 Dei:
403 5400 616 5494 Ubicunque
631 5401 702 5470 duo
717 5414 777 5471 aut
797 5413 866 5472 tres
882 5399 1083 5491 cougregati
1095 5398 1230 5470 luerint
1242 5399 1281 5468 iu
1331 5397 1417 5468 liant
1432 5409 1546 5485 tuam,
1571 5424 1591 5471 a
1606 5425 1664 5471 me
1677 5403 1975 5502 nonideformariq
2015 5402 2123 5494 Quod
2138 5421 2178 5478 ut
2188 5431 2328 5500 semper
