4888 5962
124 189 199 268 ⁷45
254 269 262 276 .

119 369 292 461 prodesse
323 371 561 460 cognitionem
591 371 799 462 linguarum
828 372 873 441 ad
898 371 1118 464 quaerendas

120 473 204 539 illas
222 472 379 542 illustres
393 486 426 542 et
441 473 622 566 simplices
636 474 840 546 sententias.
893 473 948 546 Ac
964 497 1065 565 saepe
1079 473 1117 540 in

119 574 273 644 minutis
289 575 471 664 particulis
487 599 652 666 maguam
669 577 743 644 vim
758 597 832 645 esse
847 591 1004 662 constat,
1020 575 1118 669 quod

120 677 230 745 velim
248 676 401 766 cogitare
417 679 678 769 adolescentes,
694 695 727 750 et
741 674 827 748 baec
844 680 961 748 studia
977 680 1118 768 lingua-

120 803 204 850 rum
228 779 438 868 diligentius
465 782 600 867 colere,
627 795 661 852 et
686 805 722 851 se
744 783 933 872 amandam
955 781 1119 874 proprie-

121 895 232 952 tatem
257 883 296 950 in
319 882 586 974 interpretando
612 885 847 957 adsuefacere.
898 881 1029 954 Defero
1054 908 1118 952 au-

121 997 194 1053 tem
212 978 305 1054 banc
322 987 564 1078 quaestionem
582 986 833 1076 inpraesentia
851 987 895 1054 ad
918 987 1036 1056 virum
1053 987 1119 1055 do-

123 1085 347 1173 ctissimum,
382 1087 435 1162 M.
463 1085 504 1159 V
502 1086 594 1158 itum
620 1081 926 1172 Wusbemium‚
964 1090 1118 1159 amicum

121 1212 264 1271 meum,
291 1208 327 1260 et
343 1189 446 1279 rogo,
471 1205 512 1262 ut
528 1215 604 1262 eam
623 1215 685 1262 seu
702 1185 770 1262 hoc
784 1205 947 1285 tempore
964 1214 1026 1261 seu
1044 1189 1117 1260 alio

122 1292 288 1383 explicet.
344 1287 439 1366 Diri.

968 1543 1107 1552 --......—..-..

141 1689 211 1764 No.
226 1689 290 1763 27.

129 1786 305 1816 Μ

887 1698 917 1760 4.
927 1696 1011 1781 Sept.
1023 1695 1117 1762 1544.

895 1792 1108 1826 Μ

193 1906 226 1960 lu
242 1905 407 1974 Quaestion.
423 1925 449 1977 p.
467 1904 501 1959 58
516 1923 558 1977 sq.
596 1906 664 1960 item
683 1903 713 1958 in
727 1903 825 1960 Select.
839 1901 1119 1974 Decl.T.lV.p.809.

228 1975 359 2032 Richard.
375 1976 394 2032 l.
408 1995 436 2048 p.
448 1975 511 2032 443.

122 2155 300 2242 Quaestio
329 2149 377 2224 dc
405 2149 628 2224 discrimine
653 2175 842 2224 canorum
865 2151 968 2246 apud
995 2149 1119 2222 dicen

122 2265 364 2354 coagentes,
392 2265 584 2328 eteorum
613 2255 895 2348 commoditate,
922 2253 1119 2346 proposita

124 2385 149 2434 a
177 2355 243 2432 M.
270 2357 558 2434 Sebastiano
589 2357 879 2430 Theoderico
910 2355 1119 2430 u'snste-

328 2465 440 2550 mio,
468 2485 531 2536 un.
556 2459 667 2536 1544.
691 2461 727 2534 d.
747 2459 783 2538 4.
808 2465 915 2554 Sept.

123 2605 170 2689 N
173 2640 221 2684 ou
236 2615 280 2684 ad
302 2614 445 2682 inanem
463 2613 734 2682 ostentationem
757 2607 844 2682 haec
867 2611 1010 2685 dicendi
1032 2618 1119 2681 coir-

124 2719 281 2788 suetudo
306 2716 470 2786 instituta
495 2729 563 2796 est,
597 2739 662 2785 nec
696 2715 776 2784 ludi
803 2727 941 2785 tantum
966 2715 1118 2805 pueriles

123 2835 212 2892 sunt
226 2815 313 2890 baec
330 2813 536 2890 scholastica
552 2817 761 2909 spectacula,
786 2818 847 2886 sed
864 2817 1028 2886 exercitia
1045 2817 1117 2886 uti-

123 2925 175 2993 lia
201 2922 341 2994 studiis.
393 2921 479 2991 Ideo
504 2934 539 2991 et
565 2921 686 2990 venire
707 2919 934 3010 gravissimos
959 2920 1054 2988 viros
1078 2919 1116 2986 in

123 3023 227 3096 bunc
244 3046 446 3094 consessum
463 3023 639 3107 arbitror,
664 3047 710 3092 ne
725 3044 844 3092 mores
860 3022 999 3092 utiliter
1013 3021 1115 3091 insti-

124 3129 197 3200 tuti
214 3127 435 3196 aboleantur.
492 3123 612 3214 Quare
635 3139 669 3195 et
697 3148 762 3194 nos
787 3123 1026 3194 adolescentes
1052 3125 1118 3193 ob-

50 3310 53 3320 ,
123 3247 326 3321 temperare
342 3228 594 3298 consuetudini
610 3229 726 3308 decet,
751 3250 840 3320 quae
864 3227 942 3295 aliis
965 3227 1118 3296 uecessi-

124 3345 238 3405 tatem
258 3332 401 3402 dicendi
415 3331 589 3422 imponit,
614 3330 704 3400 alios
721 3329 820 3400 iubet
836 3329 971 3420 placide
982 3329 1116 3400 audire.

124 3433 228 3504 Haec
249 3457 307 3504 me
323 3457 425 3503 causa
449 3457 530 3502 cum
553 3432 689 3525 aliquid
711 3431 749 3500 in
776 3427 844 3500 boc
867 3427 1115 3500 honestissimo

127 3559 298 3608 consessu
312 3537 429 3606 dicere
449 3547 569 3624 cogat,
595 3557 724 3628 quaeso
751 3557 796 3602 ne
818 3559 874 3602 me
896 3533 1116 3624 impudentia

125 3635 221 3709 mibi
248 3639 438 3730 sumpsisse
462 3632 526 3706 bas
543 3649 659 3728 partes
674 3635 896 3718 existimetis,
921 3636 981 3704 sed
999 3635 1115 3704 ollicio

125 3745 322 3812 adductum
347 3763 420 3810 esse
440 3741 483 3808 ad
504 3740 715 3822 dicendum,
743 3751 782 3807 ut
803 3737 984 3808 autoritati
1008 3735 1115 3806 Prae-

127 3857 313 3935 ceptornm
338 3855 372 3912 et
393 3841 646 3912 consuetudini
672 3863 809 3909 morem
835 3863 965 3929 geram.
1019 3839 1117 3910 Alias

125 3962 248 4019 autem
275 3947 320 4014 de
343 3943 422 4014 aliis
446 3944 605 4014 materiis
629 3942 835 4022 disseritur,
868 3953 902 4010 et
927 3966 1008 4011 curn
1032 3937 1117 4010 haec

127 4063 252 4118 nostra
273 4041 526 4137 Philosophica
551 4047 667 4116 studia
697 4045 829 4114 servire
850 4038 1028 4113 Ecclesiae
1053 4046 1116 4134 deff

127 4153 258 4235 beant,
284 4173 360 4220 non
376 4147 664 4240 intempestivum
682 4160 752 4232 est,
768 4140 827 4216 hic
844 4145 992 4215 recitare
1007 4171 1116 4240 quae·

125 4253 280 4334 stiones,
307 4275 397 4346 quae
412 4249 549 4344 aliquid
564 4250 654 4321 lucis
673 4249 840 4320 adferunt
865 4247 1005 4339 scriptis
1027 4247 1117 4318 Pro·

125 4351 290 4448 pheticis.
784 4419 789 4426 .

232 4455 368 4526 Passim
384 4453 515 4545 legitur
529 4453 715 4524 dissimilia
735 4453 843 4524 luisse
870 4453 985 4545 spacia
1002 4475 1117 4521 anno-

127 4585 231 4646 rum,
258 4559 351 4650 apud
370 4559 526 4627 diversas
540 4569 670 4646 gentes.
707 4553 888 4628 Arcadum
907 4551 1116 4624 annosTri-

127 4675 277 4732 mestres
297 4659 404 4730 luisse
419 4673 578 4730 narrant.
623 4655 773 4730 Romuli
789 4681 884 4730 anno
899 4658 1018 4726 decem
1036 4667 1114 4724 tan-

127 4779 206 4835 tum
230 4787 368 4834 menses
390 4761 568 4834 tribuunt.
627 4758 815 4848 Leguntur
835 4774 870 4830 et
891 4759 960 4828 alia
991 4757 1116 4828 absur-

128 4869 245 4937 diora.
297 4863 395 4934 Haec
416 4865 482 4934 etsi
507 4861 629 4932 omnia
652 4863 811 4931 fabulosa
848 4883 922 4930 esse
950 4861 1115 4944 arbitror,

128 4964 250 5040 tamen
267 4967 501 5038 concedamus
525 4989 630 5050 sane,
655 4963 793 5056 aliquas
814 4963 1010 5033 ineruditas
1029 4985 1115 5051 gen-

693 191 1121 289 uus-nsmoues
1173 167 1577 272 conueniens.

2084 200 2161 274 746

1169 363 1215 436 ad
1238 367 1315 438 eius
1337 369 1556 464 aequinoctii
1581 374 1881 444 metam'reversi.
1942 369 1992 446 Et
2014 375 2051 444 id
2076 397 2158 466 spa-

1170 471 1264 539 cium
1289 472 1511 542 distribuisse
1539 473 1578 541 in
1604 475 1793 544 duodecim
1823 499 1964 546 menses
1986 475 2158 562 Lunares,

1170 573 1300 666 quibus
1318 571 1558 645 attribuerem
1575 570 1738 667 Epa'ctas.
1789 575 1869 648 Hoc
1885 580 1933 648 ita
1950 603 2024 648 esse
2043 575 2157 650 bisto-

1170 675 1222 744 ria
1239 670 1545 760 Numerantur,
1571 679 1610 746 iu
1632 704 1700 772 qua
1721 682 1897 750 mensium
1923 683 2011 750 ordo
2037 705 2158 751 recen-

1169 789 1267 846 setur
1283 778 1350 859 ita,
1376 779 1417 850 ut
1433 795 1598 870 appareat
1612 781 1800 852 duodecim
1817 783 1999 852 mensibus
2017 784 2157 867 exactis,

1170 904 1304 948 annum
1323 883 1538 973 completum
1557 906 1640 957 esse.
1693 883 1767 955 Nec
1791 886 1946 954 arbitror
1963 885 2040 954 sine
2062 901 2158 958 certo

1170 983 1340 1067 consilio,
1362 983 1409 1052 ita
1427 985 1593 1076 scriptam
1610 1007 1683 1056 esse
1698 988 1965 1056 annotationem
1980 989 2158 1056 mensium

1171 1099 1205 1154 et
1221 1085 1380 1170 dierum,
1406 1087 1537 1178 quibus
1553 1083 1656 1157 Nube
1677 1089 1745 1158 luit
1762 1089 1800 1156 in
1815 1087 1928 1173 Arca,
1954 1103 1994 1159 ut
2020 1091 2158 1158 duode-

1171 1187 1239 1256 cim
1255 1183 1398 1256 Menses
1414 1189 1581 1259 dicautur
1596 1191 1781 1280 complcti,
1809 1206 1842 1261 et
1857 1193 2002 1282 insuper
2020 1193 2158 1260 addan-

1171 1302 1230 1358 tur
1245 1289 1321 1357 dies
1340 1292 1472 1360 decem.
1507 1290 1751 1379 Significatum
1770 1306 1823 1362 est
1839 1294 1952 1379 enim,
1976 1290 2080 1366 Nobe
2098 1294 2157 1362 iu·

1171 1405 1308 1480 tegrum
1326 1392 1411 1460 solis
1426 1409 1560 1462 annum
1576 1396 1769 1483 complesse
1784 1396 1822 1464 iu
1835 1392 1945 1481 Arca,
1969 1419 2050 1466 cum
2066 1398 2158 1466 duo·

1172 1493 1286 1562 decim
1309 1518 1447 1564 menses
1466 1493 1627 1566 Lunares
1652 1497 1704 1565 ibi
1732 1499 1922 1587 peregerit,
1956 1511 1991 1568 et
2018 1511 2157 1589 epactas

1172 1597 1302 1668 decem.
1356 1596 1418 1668 'Sit
1440 1597 1549 1686 igitur
1571 1612 1664 1669 certa
1686 1593 1778 1667 haee
1795 1601 1988 1684 sententia,
2005 1615 2159 1691 'semper

1172 1699 1265 1788 apud
1279 1700 1437 1770 eruditas
1461 1713 1581 1789 gentes
1599 1701 1686 1770 anni
1709 1703 1866 1792 spacium
1889 1702 1996 1772 luisse
2020 1704 2157 1780 duode-

1172 1801 1240 1868 cim
1255 1803 1390 1870 men'ses
1399 1799 1577 1887 Lunares,
1604 1817 1638 1872 et
1654 1817 1793 1894 epactas
1808 1803 1966 1896 aliquas,
1994 1829 2080 1897 quas
2095 1803 2158 1872 alii

1172 1903 1300 1991 magis,
1326 1905 1386 1972 alii
1402 1905 1522 1974 minus
1537 1905 1756 1975 considerate
1772 1908 1960 1976 duodecim
1975 1907 2158 1976 mensibus

1172 2005 1397 2075 addiderunt.
1459 2005 1530 2078 Sed
1558 1999 1649 2077 illud
1684 2022 1839 2094 constat,
1870 2009 1972 2078 initia
1999 2011 2084 2078 anni
2113 2010 2157 2078 de

1171 2107 1347 2178 industria
1363 2109 1497 2178 variata
1513 2133 1597 2182 csse.
1636 2107 1781 2180 Certum
1798 2125 1866 2194 est,
1883 2109 1994 2184 Moisi
2012 2112 2156 2180 initium

1173 2209 1260 2278 anni
1283 2231 1356 2279 esse
1379 2234 1398 2278 a
1423 2229 1534 2278 verno
1559 2212 1804 2304 aequinoctio,
1829 2209 1898 2282 buc
1917 2227 1986 2298 est,
2012 2213 2156 2282 anovi·

1172 2313 1294 2396 lunio,
1314 2314 1409 2406 quod
1430 2313 1631 2404 proximum
1646 2313 1717 2383 fuit
1734 2316 1959 2408 aequinoctio
1977 2339 2038 2386 seu
2057 2337 2158 2406 prae-

1173 2417 1299 2516 cedens
1314 2439 1375 2485 seu
1391 2438 1560 2516 sequens,
1588 2417 1636 2484 ita
1652 2428 1790 2496 tamen,
1817 2431 1857 2486 ut
1875 2418 2066 2508 plenilunii
2081 2419 2157 2486 dies

1172 2533 1377 2610 sequeretur
1409 2517 1685 2610 aequinoctium.
1753 2515 1802 2588 Et
1836 2521 1985 2589 eundem
2020 2543 2156 2589 morem
2231 2593 2234 2599 ,

1171 2621 1279 2688 fuisse
1305 2619 1584 2712 Aegyptiorum,
1619 2621 1668 2690 ait
1694 2617 1912 2712 Simplicius.
1972 2618 2058 2690 Asia
2082 2623 2157 2690 for-

1172 2722 1272 2789 tassis
1297 2723 1416 2792 studio
1439 2725 1594 2816 quqdam
1616 2722 1838 2792 dissentienti
1872 2715 2055 2792 inchoavit
2091 2747 2157 2792 an-

1171 2847 1257 2892 num
1279 2825 1323 2892 ab
1347 2825 1573 2918 aequinoctio
1596 2811 1805 2895 autumnali.
1868 2822 1909 2894 ld
1929 2845 2070 2916 quoque
2096 2823 2156 2892 lu-

1171 2926 1250 2994 daei
1274 2941 1429 2997 recentes
1449 2927 1640 2997 nominant
1663 2927 1748 2997 anni
1773 2925 1929 2995 initium.
1992 2923 2156 3018 Cumque

1171 3029 1352 3116 ignorent,
1379 3053 1415 3098 se
1439 3055 1456 3097 a
1481 3029 1629 3109 vicinis,
1655 3028 1787 3122 quibus
1804 3042 1883 3119 post
1899 3027 2156 3118 dispersionem

1175 3130 1340 3221 permixti
1356 3131 1520 3216 fuerunt,
1547 3127 1643 3200 bunc
1662 3153 1798 3200 morem
1815 3131 2002 3221 accepisse,
2028 3122 2174 3220 sepul⁴

1171 3245 1248 3302 tant
1268 3247 1407 3303 autores
1433 3257 1523 3317 esse,
1548 3248 1581 3304 et
1596 3246 1774 3325 quaerunt
1796 3257 1836 3300 ex
1853 3234 1928 3321 lege
1944 3231 2157 3317 testirrtonia,

1170 3336 1229 3402 sed
1246 3357 1344 3404 secus
1359 3335 1548 3408 intellecta.
1599 3333 1741 3406 Rursus
1756 3336 1802 3405 ab
1811 3333 1992 3428 Aegyptiis
2007 3349 2040 3404 et
2051 3334 2156 3406 Asia-

1170 3436 1249 3505 ticis
1270 3436 1453 3506 variarunt
1477 3433 1626 3520 Graeci,
1653 3439 1783 3530 quibus
1803 3439 1890 3505 anni
1919 3438 2063 3507 initium
2086 3437 2156 3507 fuit

1170 3563 1188 3606 a
1205 3537 1356 3607 solstitio
1373 3539 1515 3606 aestivo.
1568 3536 1673 3607 Unde
1689 3531 1796 3608 fuerit
1811 3540 1968 3608 studium
1982 3540 2157 3624 variandi,

1171 3640 1309 3725 nescio,
1336 3641 1396 3708 sed
1421 3654 1540 3710 tamen
1560 3637 1683 3708 Latini
1703 3663 1722 3708 a
1745 3636 1880 3707 Graeca
1901 3641 2157 3708 consuetudine

1172 3743 1426 3825 discesserunt,
1460 3755 1495 3810 et
1526 3765 1661 3809 annum
1694 3765 1713 3810 a
1738 3740 1890 3811 solstitio
1911 3737 2071 3834 hyberno
2097 3742 2156 3808 in-

1171 3839 1354 3914 choarunt.
1416 3841 1512 3912 Haec
1545 3843 1696 3912 varietas
1729 3842 2012 3914 consideratione
2047 3842 2155 3930 digna

1171 3958 1240 4030 est,
1266 3957 1300 4014 ct
1316 3945 1430 4014 lucem
1451 3940 1609 4014 historiis
1627 3940 1825 4025 Ecclesiae,
1850 3957 1884 4014 et
1900 3945 2052 4014 aliarum
2068 3967 2156 4033 geu-

1171 4048 1259 4119 tium
1285 4047 1410 4118 adfert.
1459 4041 1508 4117 Et
1536 4046 1720 4136 diligentia
1743 4046 1782 4113 in
1803 4046 1890 4114 anni
1916 4046 2156 4137 descriptione

1171 4151 1413 4239 cognoscenda
1444 4161 1479 4218 et
1500 4148 1703 4234 retinenda,
1737 4148 1841 4216 valde
1871 4150 2067 4219 necessaria
2093 4163 2155 4220 est.

1170 4249 1258 4321 Vult
1274 4251 1369 4320 enim
1384 4247 1480 4320 Deus
1492 4273 1560 4346 nos
1583 4251 1671 4320 seire
1686 4252 1863 4320 mundum
1880 4237 2053 4343 coepisse,
2079 4252 2156 4320 vult

1173 4353 1303 4422 animis
1323 4367 1417 4423 retro
1440 4353 1510 4442 legi
1534 4354 1654 4422 omnia
1678 4349 1858 4422 Ecclesiae
1878 4367 2053 4444 tempora,
2079 4352 2156 4421 vult

1170 4455 1295 4524 seriem
1318 4450 1548 4536 historiarum
1570 4455 1738 4545 conspici.
1799 4452 1938 4523 Horum
1962 4449 2054 4521 nibil
2077 4453 2154 4522 lieri

1170 4569 1302 4649 posset,
1332 4559 1361 4626 si
1386 4557 1473 4626 anui
1494 4557 1683 4649 descriptio
1708 4571 1802 4628 certa
1832 4555 1932 4630 nulla
1961 4567 2153 4625 teneretur.

1170 4657 1290 4749 Quare
1305 4655 1390 4730 baec
1406 4658 1523 4729 studia
1540 4661 1690 4728 amanda
1709 4673 1744 4728 ct
1761 4657 1908 4728 colenda
1927 4649 2020 4729 sunt.
2061 4654 2154 4728 Cum

1169 4775 1286 4832 autem
1302 4763 1435 4833 multae
1449 4761 1523 4831 sint
1539 4762 1577 4830 in
1596 4757 1662 4830 hac
1673 4783 1712 4830 re
1722 4759 1955 4853 quaestiones,
1971 4759 2154 4850 quomodo

1170 4877 1367 4952 congruant
1394 4863 1583 4933 duodecim
1619 4883 1755 4932 menses
1785 4859 1946 4930 Lunares
1978 4859 2023 4929 ad
2058 4859 2155 4932 Solis

1168 4967 1335 5036 cursum?
1394 4964 1493 5053 Quid
1524 4965 1664 5034 differat
1700 4984 1816 5031 annus
1849 4959 2028 5044 lulianus,
2081 4987 2154 5055 quo

128 5085 183 5142 tes
209 5071 340 5141 oblitas
368 5091 441 5139 esse
462 5067 661 5138 doctrinam
684 5067 729 5135 de
750 5089 864 5146 anno,
900 5065 1114 5136 traditama
1168 5091 1264 5136 nunc
1288 5069 1443 5152 utimur,
1469 5057 1828 5136 avetereMosaico?
1878 5059 1926 5134 Et
1948 5087 2039 5157 quae
2060 5063 2153 5148 ratio

128 5173 257 5268 primis
272 5171 456 5242 Patribus:
484 5167 622 5240 Tamen
636 5169 726 5240 illud
745 5182 879 5240 certum
895 5181 966 5253 est,
984 5165 1116 5251 Patres,
1167 5169 1213 5240 sit
1241 5168 1461 5259 expeditior?
1520 5166 1772 5256 Quaestionem
1799 5159 1892 5235 banc
1919 5169 1964 5235 ad
1990 5163 2153 5236 doctissi-

129 5277 194 5370 qui
211 5271 401 5345 Ecclesiae
414 5273 667 5365 gubernatores
689 5272 856 5356 fuerunt,
887 5293 1021 5340 annum
1047 5294 1115 5339 vo·
1167 5295 1265 5342 mum
1280 5271 1397 5340 virum
1414 5265 1664 5342 M.Erasmum
1680 5261 1866 5340 lleinbold
1884 5267 2149 5364 salveldenscm

130 5402 211 5450 care
231 5377 376 5463 solitos,
403 5397 544 5446 cursum
565 5371 660 5448 Solis
684 5375 730 5446 ab
751 5371 975 5468 acquinoctio
991 5369 1114 5442 Verno
1166 5373 1306 5461 deiero,
1329 5387 1364 5444 et
1386 5385 1468 5463 pcto
1488 5369 1780 5463 explicationem,
1806 5385 1873 5442 cur
1891 5367 2017 5441 utilior
2038 5381 2072 5440 st
2091 5391 2150 5437 ex-
