4888 5962
363 431 366 443 «
413 391 594 489 ilumeris
614 397 772 468 Doctoris
793 396 963 492 Georpis‘
982 393 1186 467 Maioris.

405 526 641 598 Verissimum
665 539 717 594 est
738 525 834 618 quod
855 524 961 610 diris,
988 523 1136 593 nullum·
1156 521 1195 590 in
1219 521 1292 590 vita

303 626 492 728 pulchrius
510 628 747 721 spectaculum
772 649 864 712 esse,
887 649 995 720 quam
1013 625 1135 694 videre
1156 635 1295 693 coetum

305 759 432 807 senum
458 731 680 802 eruditorum
703 728 908 798 timentium
931 728 1065 813 Deum,
1097 740 1131 796 et
1154 726 1295 820 sapien-

304 849 401 922 tum,
427 835 491 929 qni
513 847 598 903 sunt
615 854 747 921 organa
764 829 921 923 Spiritus
935 831 1067 915 sancti,
1090 827 1205 922 qualis
1226 828 1296 898 luit

304 953 367 1012 aut
382 935 639 1029 Apostolorum
653 934 897 1022 congregatio,
910 935 968 1002 de
985 957 1053 1026 qna
1067 931 1207 1014 dixisti,
1234 943 1296 1000 arnt

305 1051 500 1114 conventus
514 1039 552 1106 in
569 1035 677 1108 Nicea
693 1049 931 1106 trecentorum
945 1047 983 1120 et
996 1033 1191 1105 octodecim
1205 1029 1294 1125 Epi·

304 1165 515 1236 scoporurn,
549 1139 684 1234 quoin
703 1161 855 1208 numero
879 1149 980 1230 erant
1002 1137 1127 1222 multi,
1165 1133 1295 1230 quiin

305 1243 529 1318 confessione
549 1241 785 1311 constantiam
802 1241 966 1310 etrobur
987 1240 1071 1309 iidei
1093 1239 1296 1308 declarave-

304 1363 405 1433 rant,
431 1360 466 1417 et
480 1347 580 1435 signa
597 1342 854 1436 suppliciorum
870 1338 987 1413 adhuc
1011 1343 1050 1412 in
1066 1347 1215 1434 corpore
1230 1335 1295 1410 ha-

304 1453 456 1524 bebant:
496 1447 590 1520 Aliis
612 1445 707 1516 oculi
733 1445 851 1516 effossi
874 1459 991 1527 erant,
1024 1445 1104 1516 aliis
1132 1444 1295 1516 mutilata

303 1546 472 1644 brachia,
506 1549 619 1642 aliqui
647 1561 807 1642 mortuos
830 1561 1082 1618 revocaverant
1114 1547 1153 1616 in
1177 1546 1296 1618 vitam.

306 1657 433 1728 Talem
450 1675 652 1723 consessum
669 1650 790 1720 videre
806 1665 840 1722 et
853 1650 988 1736 audire,
1010 1663 1143 1746 quanta
1159 1648 1296 1720 foelici-

304 1775 357 1832 tas
372 1757 448 1827 est?
473 1753 574 1826 Talis
590 1775 774 1824 consessus
789 1753 819 1822 si
834 1740 978 1848 quarido
997 1753 1133 1824 indicat
1152 1765 1296 1824 contro-

305 1860 438 1932 versias
449 1855 646 1940 Ecclesiae,
668 1879 751 1926 vere
764 1839 939 1950 hymnum
956 1856 1164 1946 angelorum
1182 1854 1294 1923 canit:

254 2039 255 2042 ,
306 1962 436 2035 Gloria
458 1959 497 2029 in
522 1959 667 2030 excelsis
682 1955 779 2043 Deo,
802 1970 837 2027 et
860 1957 1010 2028 interra
1024 1951 1297 2050 part,'homini-

304 2063 540 2140 buslaeticia.
943 2053 947 2063 ’
1084 2056 1093 2066 “

407 2161 462 2235 Ac
478 2161 650 2252 singulari
667 2161 818 2232 consilio
833 2159 929 2234 Deus
945 2161 1061 2232 voluit
1075 2157 1209 2232 iudicia
1225 2155 1297 2229 Ec-

306 2269 433 2342 clesiae
449 2262 639 2338 hocmodo
657 2266 829 2349 exerceri,
855 2288 930 2334 non
951 2276 992 2333 ut
1009 2261 1172 2359 tyrannis
1194 2275 1295 2342 esset,

306 2375 426 2444 sedut
441 2367 546 2438 multi
559 2366 656 2436 docti
673 2379 709 2436 et
724 2366 773 2457 pii
792 2367 986 2438 sententias
1002 2367 1141 2458 placide
1155 2365 1299 2436 couscr-

305 2475 409 2558 rent,
443 2484 477 2541 et
501 2469 608 2539 multi
636 2483 758 2540 essent
776 2470 935 2541 veritatis
960 2481 1144 2551 testes,'et
1165 2467 1298 2558 singuli

305 2577 460 2648 aliorum
490 2565 707 2644 testimonio
728 2573 1039 2642 confirmarentur.
1073 2568 1182 2641 'ldeo
1206 2569 1296 2639 seri-

306 2673 408 2774 ptuth
443 2691 510 2748 est:
531 2733 535 2740 .
553 2672 595 2745 Si
626 2674 735 2743 luerit
769 2675 908 2746 sedenti
939 2673 1157 2756 revelatum,
1184 2684 1298 2742 taceat

306 2783 418 2876 prior.
474 2777 600 2846 Talem
634 2791 849 2852 conventum
884 2801 989 2847 verae
1018 2771 1199 2847 Ecclesiae
1230 2774 1305 2868 ali-¹

307 2883 452 2985 quando
469 2879 547 2950 lieri
563 2891 738 2970 optemus.
765 2929 768 2936 .
1128 2951 1132 2958 ,

410 2981 471 3054 11Ιί
487 3007 572 3054 vero
588 2995 787 3054 conventus
804 2978 1012 3053 Pontificiae
1028 2979 1212 3064 factionis,
1233 2977 1298 3050 ubi

306 3085 470 3177 homines
487 3083 617 3178 polluti
631 3083 738 3154 idolis
756 3097 789 3154 et
805 3079 1041 3170 libidinibus,
1060 3097 1123 3156 aut
1135 3082 1298 3154 fascinati

306 3188 408 3268 tetris
438 3186 641 3272 erroribus,
681 3181 745 3257 καὶ
763 3181 1039 3282 τετυφωμένοι,
1078 3185 1300 3256 conveniunt

306 3287 402 3362 hane
424 3289 537 3380 ipsam
564 3289 613 3357 oh
637 3311 796 3372 causam,
820 3301 861 3358 ut
882 3311 965 3360 suos
987 3289 1127 3360 furores
1149 3301 1182 3360 et
1198 3310 1298 3358 suam

307 3389 535 3490 tyrannidem
550 3389 782 3476 confirment,
801 3389 917 3484 qualis
931 3391 1000 3460 suit
1018 3389 1242 3482 congregatio
1260 3387 1298 3458 iu

308 3493 470 3588 proxima
486 3489 699 3562 Tridentina
712 3490 881 3587 Synodo,
905 3508 966 3564 aut
981 3491 1221 3578 Bononiensi,
1234 3507 1299 3561 ne-

288 3583 488 3696 ⁸quaquam
512 3608 596 3664 suut
619 3617 723 3664 verae
744 3591 924 3666 Ecclesiae
944 3595 1101 3691 Synodi‚
1127 3595 1187 3664 sed
1215 3608 1300 3666 sunt

309 3711 513 3771 conventus
529 3721 738 3790 cercopum,
769 3713 831 3770 aut
847 3713 982 3768 veteres
995 3699 1179 3796 dicebant:
1206 3691 1299 3798 dyo·

311 3797 360 3898 ρὰ
385 3791 602 3896 isoncium.
929 3797 932 3804 “

411 3918 465 3991 De
480 3913 538 3990 his
551 3918 667 3990 facilis
683 3931 735 3990 est
754 3918 921 4008 refutatio
937 3917 1138 4010 argumenti
1152 3919 1222 3990 tui:

323 4057 328 4066 ’
361 4037 540 4110 Iudicium
553 4037 631 4108 sine
647 4031 863 4108 authoritate
881 4051 933 4108 est
949 4037 1094 4108 inutile:

335 4133 338 4140 ¹
361 4139 527 4230 Cognitio
544 4139 583 4208 iu
599 4137 747 4236 Synodo
766 4152 818 4210 est
833 4163 1011 4210 summurn
1027 4137 1213 4212 iudicium.

362 4239 480 4335 lgitur
494 4263 618 4334 parere
633 4263 774 4312 necesse
790 4255 851 4313 est.

325 4364 330 4372 ¹
413 4375 637 4470 Respondeo,
650 4377 695 4446 de
710 4377 868 4446 minore:
893 4371 1046 4448 Etiamsi
1066 4377 1239 4450 iudicium
1260 4377 1299 4448 in

310 4483 460 4579 Synodo
477 4503 560 4550 vera
579 4503 761 4550 summurn
776 4492 884 4564 emet,
909 4492 1029 4549 tamen
1047 4475 1086 4549 hi
1103 4494 1301 4552 conventus

309 4583 511 4668 Pontilieii,
528 4605 603 4652 non
621 4579 853 4676 suntSynodi
864 4577 1166 4658 veraeEcclesiae.
1191 4581 1300 4654 Nulla

309 4709 381 4756 ror
403 4685 517 4757 libera
541 4678 702 4754 hominis
724 4683 776 4776 pii
802 4697 838 4755 et
856 4683 989 4754 eruditi
1009 4677 1167 4759 auditur.
1218 4683 1301 4756 Non

312 4795 474 4858 servatur
499 4788 557 4858 lex
579 4784 702 4857 divina
724 4800 760 4856 et
779 4786 975 4871 naturalis,
1001 4781 1148 4880 ἀμφοῖν
1164 4780 1303 4880 ὁμοίως

314 4887 541 4983 ἀκροᾶσθαι.
599 4883 648 4960 Et
675 4888 849 4987 iudicant
864 4882 1028 4958 homines
1052 4885 1233 4982 Epicurei
1258 4893 1303 4960 de

313 4993 420 5063 rebus
446 4991 595 5082 ignotis,
622 4993 720 5087 quod
748 4991 854 5064 etiam
878 4989 991 5062 veteri
1014 5015 1118 5064 versu
1138 4987 1303 5086 prohibi-

312 5111 390 5167 tum
409 5107 472 5166 est.

358 5200 496 5291 Μήποτε
520 5203 556 5270 di
577 5205 691 5291 spissas
711 5196 898 5291 ἄδαῆμονας
918 5191 1039 5292 ἄνδρας
1057 5201 1169 5284 ltiortc.

416 5309 539 5406 ltaque
553 5325 800 5400 argumentum
819 5312 910 5383 illud
928 5315 972 5382 de
991 5313 1118 5384 iudicii
1141 5310 1304 5386 authori-

313 5429 385 5490 tate
408 5439 482 5488 non
504 5411 751 5507 patrocinatur
771 5410 831 5485 his
845 5414 1021 5511 Synodis,
1048 5441 1136 5512 quas
1150 5415 1303 5490 Pontifi-

807 195 810 198 ’
893 219 1745 320 Qulusnonnsacnuunman.

2266 221 2341 294 800

1348 400 1405 470 cia
1435 399 1542 472 factio
1568 398 1736 476 instituit.
1810 396 1908 470 llaec
1941 390 2128 494 responsio
2153 397 2340 492 perspicua

1346 514 1411 573 est·

1447 617 1518 691 Sed
1540 621 1649 714 quid,
1675 621 1706 692 si
1728 620 1775 692 sit
1803 645 1886 691 vera
1909 615 2089 708 Ecclesia,
2116 631 2152 692 et
2173 619 2344 712 legantur

1346 721 1469 794 idonei
1483 723 1637 806 iudices,
1661 737 1703 796 ut
1726 725 1766 793 in
1783 747 1865 793 vera
1881 719 2040 794 Ecclesia
2060 738 2224 816 tempore
2239 723 2344 818 Apo-

1344 826 1539 912 stolorum,
1564 839 1685 896 tamen
1709 827 1972 899 controversiae
1998 827 2227 914 oriebantur,
2250 849 2348 922 quas

1347 944 1432 1001 tuuc
1449 928 1519 998 erit
1535 924 1759 1000 authoritas?

1446 1045 1545 1120 Haec
1567 1048 1728 1142 quaestio
1750 1049 1937 1119 obscurior
1957 1047 2072 1120 videri
2094 1063 2228 1144 potest,
2252 1049 2344 1145 quia

1346 1151 1463 1241 imago
1487 1151 1720 1244 imperiorum
1745 1175 1820 1220 non
1843 1153 2087 1223 transferenda
2112 1161 2189 1224 erat
2210 1153 2257 1224 ad
2271 1149 2346 1224 Ec-

1347 1255 1502 1328 clesiam.
1563 1253 1647 1326 Viri
1669 1253 1809 1346 politici
1834 1247 2096 1345 imaginantur,
2130 1279 2236 1349 posse
2264 1255 2347 1328 tolli

1347 1355 1494 1428 dissidia
1519 1357 1783 1441 doctrinarum,
1809 1355 1901 1427 sicut
1926 1358 2049 1428 civiles
2075 1359 2345 1430 controversiae

1347 1461 1543 1531 tolluntur:
1562 1473 1748 1552 ¹repostea
1773 1459 1925 1529 similem
1943 1461 2071 1532 volunt
2094 1475 2346 1554 essepotests-

1348 1576 1420 1633 tem
1444 1561 1661 1633 iudiciorum
1686 1559 1845 1658 Synodi‚
1873 1577 1908 1633 et
1932 1563 2153 1634 iudiciorum
2169 1563 2346 1637 Potittco-

1346 1687 1446 1749 rum,
1471 1687 1541 1758 qua
1558 1664 1597 1733 iu
1613 1689 1651 1734 re
1665 1685 1815 1754 magnus
1829 1679 1882 1736 est
1898 1689 2020 1752 error,
2046 1668 2109 1738 sed
2124 1680 2240 1738 tamen
2256 1669 2345 1761 plu-

1347 1765 1520 1838 rimorum
1545 1767 1674 1838 animis
1687 1765 1742 1838 'ita
1771 1767 1917 1868 inlisus,
1942 1781 1983 1838 ut
2006 1767 2112 1866 evelli
2128 1793 2200 1839 uon
2215 1773 2343 1864 possit,

1348 1895 1389 1940 ac
1413 1892 1559 1962 prorsus
1581 1870 1620 1938 lit
1645 1865 1725 1942 hac'
1739 1871 1777 1938 in
1802 1893 1860 1956 re,
1874 1873 1983 1964 .qnod
2010 1872 2102 1942 dixit
2115 1869 2342 1946 Simonides:

1347 1967 1391 2050 ad
1417 1967 1546 2052 δρκεῒν
1569 1965 1786 2067 βιάζειτὴν
1809 1965 2003 2068 ἀλήθειαν.
2058 1971 2347 2060 Valent'iudieis

1349 2075 1468 2144 civilia
1486 2071 1702 2174 authoritate
1716 2073 1829 2164 Regis
1851 2099 1914 2146 seu
1929 2073 2123 2150 Praetoria.
2176 2075 2284 2150 Valet
2308 2093 2345 2150 et

1350 2177 1597 2270 interpretatio
1618 2177 1763 2268 legum,
1787 2173 2004 2272 authoritate
2021 2177 2134 2272 Regia
2156 2203 2221 2252 seu
2236 2179 2346 2257 Prae-

1348 2279 1451 2350 toria.
1510 2277 1660 2350 Necesse
1679 2293 1730 2350 est
1746 2280 2004 2374 igiturparere.
2338 2298 2342 2312 '

1450 2396 1522 2496 Sed
1543 2424 1617 2470 non
1641 2412 1693 2472 est
1714 2399 1842 2472 similis
1856 2393 2053 2472 authoritas
2069 2401 2290 2476 iudiciorum
2304 2407 2346 2478 iu

1349 2501 1505 2598 Synodis
1520 2501 1559 2572 in
1576 2497 1752 2596 Ecclesia,
1778 2502 1863 2598 quia
1878 2500 2015 2600 Synodi
2040 2527 2115 2576 non
2137 2520 2225 2579 sunt
2246 2531 2345 2582 sum·

1348 2605 1400 2674 mi
1415 2603 1571 2691 iudices,
1596 2605 1658 2674 sed
1675 2605 1750 2698 ipsa
1766 2630 1834 2676 vox
1843 2599 1930 2687 Dei,
1955 2621 1990 2677 et
2002 2607 2251 2701 interpretatio
2266 2636 2344 2682 nou

1349 2721 1401 2778 est
1430 2707 1571 2798 alligata
1606 2708 1769 2800 personis
1802 2707 2055 2806 iudicantibus.
2114 2707 2265 2784 Donum
2290 2731 2346 2790 est

1349 2810 1446 2880 enirn
1464 2809 1504 2878 in
1520 2805 1698 2890 Ecclesia,
1724 2833 1799 2880 non
1823 2823 1875 2882 est
1893 2815 2049 2904 potestas
2068 2813 2245 2886 attributa
2268 2842 2344 2890 ccr-

1346 2913 1398 3002 tis
1416 2911 1605 3004 gradibus,
1630 2926 1670 2984 ut
1689 2913 1934 3006 interpretatio
1949 2915 2067 3006 legum
2084 2915 2250 2988 civilium
2267 2945 2346 2992 cer-

1352 3015 1399 3086 tis
1421 3015 1590 3107 gradibus
1614 3015 1784 3086 attrib'uta
1807 3029 1877 3104 est,
1903 3017 1987 3110 quia
2005 3021 2267 3092 coutroversiae
2288 3024 2344 3094 ci-

1352 3118 1440 3188 viles
1454 3118 1594 3188 ratione
1609 3116 1761 3190 iudicari
1777 3133 1944 3210 possunt,
1966 3144 2056 3214 quae
2071 3124 2276 3196 communis
2289 3141 2346 3198 est

1348 3221 1511 3292 omnium
1534 3243 1715 3294 sanonrm.
1774 3215 1924 3292 Etcum
1954 3222 2096 3293 nullum
2124 3224 2173 3296 sit
2203 3227 2347 3300 animae

1349 3323 1549 3416 periculum
1568 3323 1607 3392 in
1626 3323 1761 3394 iactura
1776 3347 1897 3397 rerum
1909 3325 2170 3416 corporalium,
2192 3329 2343 3403 obedire
2366 3361 2367 3366 ¹

1350 3425 1546 3496 sententiae
1562 3425 1690 3496 iudicis
1709 3425 1817 3496 etiam
1832 3427 1984 3496 errantis
2000 3428 2095 3504 licet.

1454 3541 1505 3616 At
1526 3543 1565 3612 in
1586 3544 1751 3616 doctriua
1770 3567 2001 3639 nequaquam
2025 3547 2261 3620 obediendum
2284 3567 2345 3626 est

1350 3646 1545 3720 sententiae
1571 3645 1701 3717 iudicis
1727 3647 1890 3718 errantis.
1942 3649 2030 3720 Ideo
2055 3675 2160 3721 nemo
2175 3653 2347 3744 ohligan-

1349 3752 1417 3822 dus
1437 3763 1512 3833 est,
1536 3762 1579 3820 ut
1601 3750 1784 3841 promittat
1800 3773 1836 3820 se
1852 3749 2182 3844 obtemperaturum
2200 3770 2346 3828 senten-

1350 3855 1421 3924 tiae
1436 3850 1593 3948 Syuodi‚
1619 3876 1726 3945 quam
1740 3853 1904 3923 nondum
1922 3855 2073 3927 audivit.
2124 3853 2219 3928 Nam
2235 3859 2344 3931 etism

1350 3955 1462 4026 sancti
1477 3955 1549 4024 labi
1567 3967 1735 4046 possunt,
1760 3969 1910 4046 possunt
1926 3971 1961 4028 et
1980 3981 2132 4028 nomem
2155 3961 2346 4052 suffragio-
2436 3997 2437 4008 ι

1351 4081 1433 4127 rum
1450 4055 1567 4140 vinei,
1591 4055 1697 4128 etiam
1722 4081 1804 4128 cnm
1827 4057 1896 4148 ipsi
1916 4082 2016 4128 veras
2032 4063 2229 4134 sententias
2244 4065 2345 4136 dixe-

1351 4173 1449 4233 runt.
1502 4155 1616 4248 Saepe
1641 4159 1736 4230 enirn
1763 4155 1832 4230 hoc
1856 4160 2005 4247 accidit,
2041 4175 2097 4233 ut*
2113 4165 2232 4237 maior
2264 4192 2345 4260 pars
2435 4155 2436 4180 ¹

1352 4261 1472 4334 vincat
1492 4259 1688 4332 meliorem.
1707 4301 1711 4310 ·
1738 4261 1812 4332 Nee
1835 4261 1875 4332 in
1894 4259 2075 4350 Ecclesia,
2101 4267 2209 4340 utin
2230 4269 2343 4364 impe·
2434 4287 2435 4298 ¹

1351 4364 1434 4450 riis,
1461 4363 1581 4434 valere
1598 4365 1734 4434 debent
1750 4365 1945 4436 sententiae
1959 4390 2124 4438 numero.

1456 4493 1554 4589 Ergo
1577 4496 1738 4592 inquies,
1765 4497 1896 4568 iudicia
1922 4499 2154 4594 Synodorum
2176 4517 2261 4574 suut
2285 4505 2347 4575 in-

1352 4600 1482 4673 utilia?
1531 4597 1767 4692 Respondent
1805 4596 1925 4672 Etiam
1956 4627 2060 4674 verae
2085 4602 2225 4700 Synodi
2247 4607 2348 4678 iudi-

1354 4705 1450 4775 cium
1471 4725 1546 4773 uon
1571 4702 1713 4794 penitus
1738 4701 1834 4774 tollit
1859 4705 2139 4794 controversias,
2164 4721 2205 4779 ut
2220 4710 2345 4796 politi·

1354 4831 1451 4878 eum:
1483 4817 1525 4875 ut
1547 4827 1613 4874 nec
1633 4801 1888 4897 Apostolorum
1905 4806 2093 4902 Synodus,
2119 4834 2186 4880 nce
2209 4809 2346 4889 Nireus

1355 4909 1497 5000 penitus
1512 4906 1732 4978 sustulerunt
1747 4912 2024 4992 controversias,
2051 4915 2096 4982 de
2111 4913 2244 5007 quihus
2262 4940 2349 5008 pro-

1354 5012 1583 5081 nunciarunt.
1640 5008 1716 5079 Ιιιιο
1733 5011 1939 5082 incendium
1950 5011 2139 5102 Ariauum,
2159 5016 2348 5112 aliquanto

1355 5127 1435 5205 post
1451 5113 1564 5182 multo
1578 5113 1692 5182 maius
1708 5114 1840 5184 lactum
1858 5127 1929 5199 est,
1954 5130 1995 5186 ut
2011 5118 2051 5188 fit
2066 5109 2149 5208 igne
2163 5121 2349 5212 paulisper

1354 5237 1535 5307 represso,
1561 5239 1634 5284 non
1653 5239 1798 5306 prorsus
1821 5218 2002 5289 restincto.
2053 5215 2214 5292 Eatenus
2236 5223 2350 5316 igitur

1355 5319 1539 5418 latendum
1565 5331 1619 5389 est
1634 5316 1773 5414 Synodi
1798 5317 1971 5390 iudicium
1997 5322 2128 5414 inutile
2142 5341 2235 5408 esse,
2260 5327 2348 5420 quia

1355 5445 1429 5493 non
1445 5419 1588 5513 penitus
1605 5420 1697 5491 tollit
1714 5423 1984 5495 controversias.
