4888 5962
136 147 214 222 us
735 159 1170 258 Quansrrouus
1206 158 1617 254 acaoouroau
2102 200 2178 279 ru

128 323 347 412 ostendunt,
372 319 562 402 hominum
583 331 722 408 decreta
742 359 835 425 esse,
859 339 943 436 quia
958 340 1130 434 paulatim
1183 337 1333 430 ponitur
1356 335 1531 428 Ecclssles
1563 347 1647 441 qula
1674 347 1725 422 ihi
1754 358 1942 456 praecipue
1976 368 2053 444 vult
2078 369 2176 449 Deus

125 421 299 518 Episcopi
317 428 384 520 ipsi
408 445 441 502 ct
457 434 686 512 cumularunt
703 433 788 510 haec
809 438 992 536 ἐπιτιμία,
1019 457 1056 514 ει
1073 467 1131 514 ιε-
1182 443 1340 534 conspici
1370 460 1407 516 at
1429 451 1570 536 agnosci
1597 452 1685 524 iram
1710 462 1808 530 suam
1832 465 2001 540 adversus
2023 493 2174 564 peccata.

125 525 316 614 laxarunt,
349 555 504 623 quorum
527 551 694 610 neutrum
716 541 831 613 lacere
859 543 960 628 licet,
994 545 1025 616 si
1046 558 1130 618 runt
1182 544 1259 613 vult
1274 569 1340 614 ιιιιι
1355 549 1562 620 summissus
1577 567 1610 622 et
1622 549 1774 630 humiles
1789 563 1891 637 lateri
1905 571 2058 664 culpam,
2074 577 2174 652 ideo-

125 643 314 724 praecepta
334 632 523 711 divinitus.
1180 669 1249 738 que
1264 647 1363 736 signa
1387 665 1504 722 reatus
1527 651 1860 752 noluis'circumdat,
1886 674 2004 766 qualia
2022 679 2174 754 circum-

232 729 308 804 Etsi
329 748 448 806 autem
469 729 534 808 hos
553 738 644 814 ritus
661 735 818 816 humana
833 739 1048 824 authoritate
1070 749 1128 820 in·
1179 748 1277 819 dedit
1291 750 1418 842 primis
1435 755 1651 843 parentibus,
1671 785 1753 832 cum
1770 765 1931 843 viderent
1946 775 2171 856 interiectum

124 835 270 904 stitutus
293 859 366 906 esse
382 851 537 924 constat,
559 853 678 914 tamen
699 843 802 919 initia
823 873 947 920 eorum
964 873 983 922 a
1000 852 1126 926 divino
1178 845 1290 932 Abel,
1317 865 1378 924 aut
1391 855 1509 947 qualia
1524 857 1758 935 circumdedit
1774 863 1905 942 Doridi
1922 878 2024 966 pulso
2043 881 2080 954 in
2096 887 2171 959 eri-

124 935 556 1028 iureproliciscidicuut,
580 941 834 1038 propterhauc
855 951 1047 1024 rationem:
1177 950 1286 1038 lium,
1324 969 1385 1024 aut
1408 957 1526 1048 qrmlia
1550 959 1781 1038 circumdedit
1806 975 1870 1042 toti
1900 981 2049 1068 populo,
2087 1011 2168 1060 cum
2218 998 2222 1006 “

229 1037 462 1112 Manifestum
485 1058 537 1114 est
560 1046 715 1136 piurima
732 1052 860 1122 delicta
880 1054 1041 1126 comitari
1058 1057 1124 1128 tri·
1176 1053 1289 1124 deleta
1308 1053 1522 1152 ierosolyma
1545 1061 1779 1139 abduceretur
1796 1072 1833 1141 iu
1850 1069 2055 1155 Chaldeam.
2096 1087 2169 1162 Τι-

122 1157 195 1215 rtcs
210 1165 342 1234 poenas
357 1143 395 1212 iu
410 1137 475 1214 huc
490 1149 634 1218 mortali
652 1149 735 1235 vita,
754 1169 795 1226 ut
810 1151 874 1226 lob
889 1156 1023 1248 iuquit:
1051 1157 1124 1230 Ve-
1175 1153 1263 1224 liunt
1287 1181 1480 1246 poenarum
1504 1164 1716 1254 cogitatione
1741 1195 1965 1264 moveamur,
1998 1201 2038 1258 ιιι
2057 1189 2168 1264 simus

122 1247 232 1316 rebar
252 1243 374 1316 omnia
397 1271 503 1339 opera
528 1273 622 1338 urea,
654 1252 769 1324 sciens
790 1258 887 1352 quod
909 1281 982 1328 non
1007 1262 1123 1352 parcis
1173 1259 1415 1336 modestiores.
1467 1259 1521 1332 Ac
1538 1289 1660 1336 rerum
1678 1283 1731 1342 est
1747 1271 1856 1362 illud,
1881 1287 1977 1374 quand
2001 1289 2168 1381 recitasti,

122 1347 362 1440 delinquenti.
459 1431 463 1442 .
1173 1357 1329 1449 mitigari
1345 1385 1475 1454 poenas
1493 1381 1636 1458 propter
1652 1387 1771 1443 nostra
1792 1377 1995 1472 benefacta,
2021 1383 2089 1464 hoc
2103 1411 2167 1482 est,

226 1445 303 1518 Hae
336 1473 469 1540 poenae
491 1450 647 1544 mitigari
676 1470 824 1548 possunt
851 1461 983 1532 nostris
1013 1463 1121 1536 Ιιειιε-
1171 1477 1316 1553 ριοριει
1338 1479 1495 1536 nostram
1518 1473 1804 1564 conversionem,
1827 1495 1862 1551 et
1881 1508 2000 1558 veram
2025 1515 2164 1567 morum

121 1549 237 1626 factis,
288 1547 386 1640 Ergo
405 1566 527 1626 nostra
551 1555 734 1630 benefacta
756 1573 840 1634 sunt
860 1567 1120 1658 compensatio-
1171 1565 1477 1649 cruendationem,
1503 1571 1562 1638 setl
1588 1565 1656 1642 hoc
1676 1599 1750 1646 non
1774 1582 1927 1670 pertinet
1942 1591 1986 1659 ad
2008 1591 2068 1674 illa
2084 1621 2165 1690 spe.

121 1675 187 1722 nes
205 1675 266 1724 seu
284 1653 549 1728 satisfactiones.
1170 1667 1303 1736 ctacnla
1320 1667 1616 1758 satisfactionum,
1642 1675 1833 1773 dequibus
1854 1686 1911 1758 isti
1926 1691 2061 1768 dicunt

225 1751 305 1826 linc
320 1771 529 1846 argumento
546 1781 644 1832 nuuc
666 1785 809 1858 quoque
824 1761 992 1860 synodus
1013 1785 1119 1842 ornat

115 1861 606 2034 ζηζὶἶῖἒὶἱᾙᾙῗαῖῖ
621 1865 1117 2046 ’ωἶὲῗέἑῗῗὶῇξέἑίἓέῃὲζ
1168 1919 1320 2043 feceriut,
1352 1937 1393 1994 ut
1408 1925 1625 2044 ¹coccinum,
1660 1948 1693 2002 et
1725 1949 1766 2006 ut
1795 1945 2029 2035 vermiculus,
2062 1955 2161 2026 eritis

117 2075 187 2134 eu.
229 2059 357 2132 Multis
374 2063 470 2132 enirn
486 1990 761 2140 seculis’ndmen
775 2072 1056 2145 satisfactionum
1074 2075 1115 2147 iu
1167 2025 1800 2151 ei“nh-‘hum’qum-'idi'illumi
1819 2041 2159 2170 i⁰¹⁵¹3lnei⁹hypsp

115 2159 277 2236 Ecclesia
293 2164 380 2250 luit,
405 2188 468 2238 reu
483 2166 631 2254 umbra,
660 2193 714 2240 res
728 2195 802 2241 non
817 2173 905 2260 luit,
932 2171 1034 2248 Olim
1050 2201 1116 2250 au·
1166 2136 1283 2219 typ⁰⁵⁸
1326 2143 1506 2222 ”nanque
1539 2151 1716 2223 ''mmm“
1756 2165 1871 2232 pm
1906 2165 1941 2222 εἰ
1981 2151 2157 2238 bimum

116 2279 189 2336 tem
204 2263 312 2338 fnisse
336 2265 424 2336 ritus
447 2283 579 2354 certor,
605 2269 667 2364 qui
684 2271 934 2349 discernebant
957 2278 1114 2370 pollutos
1167 2223 1273 2296 Tunc
1289 2243 1426 2317 ''ecca'‘
1444 2246 1528 2303 ⁸⁰⁰¹
1543 2249 1583 2304 ω
1597 2238 1800 2328 ⁰⁰⁶⁶l¹¹¹¹¹¹¹’
1826 2263 1860 2318 ²¹
1881 2261 1919 2320 ¹¹²
1933 2256 2161 2348 V‘fmlffllffle

116 2381 153 2438 et
175 2368 499 2442 excommunicatos
519 2371 564 2440 ab
587 2369 666 2442 aliis
684 2367 861 2462 honestis,
885 2379 1112 2452 manifestum
1164 2351 1245 2398 ‘⁰¹¹¹
1262 2328 1376 2399 Dm
1398 2355 1570 2424 ⁵⁴¹⁰3¹¹¹¹¹⁰
1586 2336 1741 2410 mmmm
1764 2351 1977 2439 ‘winidum‘
1997 2360 2058 2428 “d
2075 2385 2157 2433 tur·

113 2484 179 2542 est.
232 2469 278 2542 Ut
294 2495 375 2542 curn
392 2465 538 2544 Orestes
556 2487 701 2565 vagat-n
723 2490 775 2548 est
798 2477 834 2546 in
860 2475 1028 2568 Graecia,
1051 2503 1112 2572 ge·
1163 2451 1222 2548 Ψ
1237 2445 1320 2502 ‘⁰¹¹⁶
1343 2435 1469 2506 effide*
1491 2449 1530 2507 ¹¹¹
1553 2437 1632 2529 ⁰3¹2
1658 2465 1738 2510 ‘¹¹¹¹‘
1759 2447 1874 2520 “fid‘'
1889 2455 2014 2548 ’cell’il
2031 2465 2156 2534 remit-

114 2594 200 2642 renr
227 2573 327 2664 signa
353 2587 489 2654 reatus,
523 2574 731 2670 priusquam
761 2579 919 2674 expiatus
948 2597 1011 2656 est.
1063 2579 1108 2656 Et
1163 2535 1450 2624 ⁸¹⁰¹¹⁰m⁶¹¹¹p³¹e'
1478 2537 1886 2638 ²⁸⁰⁸⁰⁸²⁰¹¹l¹l²⁰²¹¹³⁸·
1920 2553 2153 2644 Qll⁰l⁰¹⁰t⁰

453 2676 463 2693 ·
639 2678 699 2696 ··
764 2707 770 2720 ,
865 2681 873 2700 ·
956 2707 959 2714 ,
1099 2685 1108 2705 .
1161 2627 1297 2719 Esaiae,
1322 2659 1386 2706 cur
1401 2639 1633 2712 vermiculum
1650 2647 1843 2720 nominarit
1861 2649 2050 2748 Propheta,
2077 2689 2151 2738 non

114 2671 214 2744 huuc
226 2668 414 2746 honestum
432 2689 718 2780 ratumnprunrs
738 2683 943 2772 pareotrbus
960 2679 1109 2756 bumaur
1160 2737 1433 2814 mmmm·
1474 2739 1839 2842 ngmmmquud
1860 2757 2153 2849 vocmm'mc
2262 2785 2264 2788 Ι

113 2777 255 2868 generis
268 2791 387 2847 ortum
402 2801 485 2863 csse,
508 2794 783 2852 consentaneum
802 2799 864 2856 est.
899 2783 1018 2875 Quare
1034 2811 1108 2860 non
1159 2831 1326 2933 βαφικὴ,
1354 2855 1476 2911 mmm
1493 2842 1531 2912 5„
1551 2844 1649 2930 ἣρω,
1675 2853 1827 2923 ,mitur
1846 2857 1882 2924 ὴ,
1908 2863 2152 2956 amiculum.

1159 2963 1264 3032 quern
1287 2965 1366 3012 curu
1385 2939 1512 3014 Graeci
1535 2941 1740 3041 σκωλήκιον
1763 2957 1969 3046 nominent,
1996 2969 2151 3040 vocabu-

1158 3040 1234 3110 lum
1250 3041 1335 3112 iude
1352 3044 1483 3116 mansit
1496 3041 1735 3136 scharlacum,
1760 3059 1820 3126 sed
1838 3059 1949 3151 placet
1964 3071 2150 3142 vermiculi
2180 3143 2186 3154 ,

1271 1819 1362 1891 l'era
1378 1838 1430 1894 cst
1446 1849 1513 1894 vox
1536 1830 1629 1917 apud
1649 1824 1811 1905 Esaiam:
1836 1837 1875 1910 si
1894 1859 2032 1934 peccata
2048 1865 2159 1924 restra

111 2893 248 2951 temere
266 2879 395 2951 vetusti
422 2879 532 2949 moris
554 2879 662 2954 ritum
676 2879 834 2954 Ecclesia
852 2899 954 2958 vetus
972 2889 1108 2962 imitata

111 2995 176 3050 est.
227 2977 320 3052 Cum
342 2980 453 3071 igitur
475 2983 666 3054 multarum
677 3007 802 3058 ‚rerum
828 2989 1027 3062 doctrinam
1049 2988 1108 3063 hic

108 3085 212 3256 hihi:
226 3085 278 3255 add
300 3083 1106 3287 dldssliihcdilllliss?liddlhddelht’dddddifigffi
1157 3143 1348 3235 appellatio
1372 3167 1412 3218 eo
1438 3147 1476 3216 iu
1501 3148 1597 3236 loco,
1622 3153 1704 3244 quia
1724 3177 1844 3230 revera
1866 3163 1961 3236 filius
1979 3161 2044 3238 Dei
2067 3173 2148 3246 talin

108 3311 176 3358 oro
228 3301 269 3359 ut
290 3311 367 3358 earu
388 3300 536 3382 propter
564 3283 707 3362 scholae
734 3291 923 3366 utilitatem
944 3295 1105 3390 explicet.
1156 3245 1372 3319 vermium
1388 3271 1452 3342 pm
1472 3251 1576 3320 ¹¹⁰bi⁸
1591 3253 1702 3324 sam„
1718 3271 1788 3344 ἐπ’
1814 3287 1894 3385 ²⁰¹¹?
1909 3266 1946 3336 ³¹¹
1965 3293 2067 3342 “¹¹⁶⁰
2084 3299 2147 3346 ‘¹¹⁰

107 3341 208 3466 95¹2·
1156 3368 1282 3416 cruore
1304 3373 1515 3442 conspersus
1542 3355 1731 3445 penderet,
1768 3375 1802 3432 et
1826 3357 1933 3441 hunus
1963 3375 2148 3449 venustula

1156 3447 1282 3520 similis
1299 3451 1375 3520 lieri
1390 3475 1455 3522 nos
1472 3471 1634 3546 oportere
1650 3459 1812 3538 sciamus.

197 3549 374 3640 nullm
399 3549 551 3624 ⁰⁰4⁰?ss
572 3555 772 3638 ⁶⁰⁸P⁰ll⁸
791 3557 1020 3647 Gluildi'l·
1257 3599 1328 3676 Sed
1344 3603 1534 3678 discrimen
1559 3605 1653 3679 iuter
1673 3625 1823 3686 mortem
1849 3619 1912 3690 filii
1931 3618 1997 3694 Dei
2021 3642 2056 3700 et
2077 3649 2146 3704 usa-¹

185 3689 232 3768 Ει
251 3696 469 3768 voluntatem
485 3711 581 3768 tuam
599 3712 633 3770 et
649 3699 837 3770 eonsilium
853 3702 980 3798 probo,
1005 3705 1103 3798 qerocl
1154 3717 1245 3776 atras
1258 3727 1445 3776 aerumnas
1459 3719 1652 3784 teneamus.
1686 3709 1788 3786 illius
1804 3741 1900 3792 mors
1912 3723 1980 3794 luit
1993 3723 2144 3826 λύτρον,

106 3797 267 3869 ostendit
298 3811 332 3868 te
355 3821 474 3868 amare
495 3793 682 3880 Ecclesiae¹
702 3803 837 3888 studia,
874 3817 909 3875 ει
935 3797 1102 3877 hocloco
1154 3821 1189 3878 et
1205 3805 1396 3877 satisfactio
1415 3831 1478 3898 pro
1495 3810 1610 3886 nohis.
1661 3811 1743 3884 Nou
1761 3817 2012 3898 tribuaturhie
2029 3826 2144 3907 honos

106 3899 352 3993 qrraestiouern
367 3901 513 3990 elegisti,
539 3927 630 3996 quae
643 3901 674 3972 si
690 3916 782 3974 recte
795 3901 1008 3997 explicetur,
1026 3909 1097 3978 val.
1154 3907 1285 3982 nostris
1300 3907 1502 3984 benefactis.
1547 3909 1589 3982 In
1606 3913 1670 3986 illo
1684 3918 1895 3994 admirando
1910 3929 2058 4004 consilio
2074 3933 2143 4008 Dei

105 4005 154 4073 de
169 4002 323 4072 illustrat
338 4002 487 4093 gloriam
501 4004 565 4094 lilii
581 4001 660 4076 Dei.
711 4001 788 4076 Etsi
806 4021 923 4077 autem
940 4011 1101 4100 angustia
1152 4011 1197 4078 de
1223 4009 1467 4102 redemptione
1488 4016 1628 4101 generis
1653 4011 1820 4108 humani,
1853 4019 1912 4096 hic
1936 4031 2151 4124 deprecator.

103 4103 278 4194 temporis
290 4128 364 4173 uon
380 4105 569 4197 permittit,
594 4121 635 4177 ut
650 4130 745 4178 nunc
762 4107 935 4198 integram
949 4112 1102 4203 explica-
1151 4111 1217 4182 suit
1235 4137 1299 4205 pro
1317 4111 1440 4200 uobis,
1465 4107 1524 4184 hic
1539 4116 1607 4188 luit
1626 4115 1767 4214 ἱκέτης,
1794 4117 1851 4196 hic
1865 4131 2077 4208 constitutus
2092 4155 2144 4214 est

104 4207 242 4276 tionem
257 4205 462 4292 instituam,
487 4221 607 4280 tamen
625 4209 670 4279 de
690 4231 827 4280 summa
842 4211 892 4282 rei
910 4237 1029 4284 meum
1044 4213 1100 4285 iu·
1150 4207 1310 4308 μεσίτης.
1361 4213 1436 4286 Nec
1462 4215 1693 4292 iudicandum
1725 4239 1795 4309 cst,
1828 4228 1961 4319 placari
1989 4235 2142 4312 iustissi-

106 4308 454 4381 didumostmdm
854 4391 859 4396 .
1002 4360 1007 4369 -
1150 4341 1244 4386 uram
1263 4319 1352 4388 irarn
1369 4315 1437 4388 Dei
1454 4333 1671 4392 caeterorum
1689 4319 1876 4402 hominurn
1896 4331 2051 4410 ullorum
2068 4343 2142 4412 vir-

183 4408 304 4480 Miror
316 4409 572 4500 impudentiam
588 4407 741 4505 Synodi‚
766 4415 862 4507 quod
881 4417 988 4486 audet
1003 4417 1099 4487 allir-
1149 4417 1285 4492 tutibus
1308 4431 1369 4488 aut
1389 4418 1498 4491 factio
1550 4419 1776 4498 Haucetiam
1794 4436 2139 4536 sententiamquoti-

105 4537 222 4598 mare,
246 4511 420 4583 divinitus
434 4511 611 4586 institutas
631 4536 704 4583 esse
718 4516 984 4600 satisfactiones,
1010 4543 1100 4613 qua·
1149 4520 1208 4590 die
1233 4521 1271 4588 iu
1303 4519 1403 4589 omni
1432 4519 1656 4596 invocatione
1684 4530 1894 4620 cogitemus,
1927 4550 1962 4608 et
1985 4533 2050 4612 hac
2073 4569 2140 4618 uos

104 4641 186 4686 rum
211 4638 342 4684 nomeu
366 4627 501 4685 tantum
524 4627 586 4684 aut
609 4615 668 4682 rix
683 4621 810 4694 umbra
828 4617 948 4688 multis
972 4621 1099 4692 seculis
1149 4621 1391 4694 consolatione
1414 4635 1668 4710 srrsteutemus,
1700 4655 1775 4700 nou
1800 4647 1919 4706 nostra
1943 4638 2052 4728 lacta,
2077 4651 2138 4724 sed

104 4720 143 4788 iu
160 4709 319 4788 Ecclesia
338 4715 423 4786 fuit:
452 4739 506 4786 res
521 4715 635 4785 multo
656 4731 739 4787 ante
761 4719 948 4790 obliterata
966 4735 1036 4803 est,
1064 4735 1097 4794 et
1148 4724 1235 4795 Filii
1250 4721 1316 4794 Dei
1339 4723 1550 4798 sacrificium
1567 4721 1706 4825 λύτρον
1722 4755 1813 4819 esse,
1838 4761 1909 4830 quo
1921 4763 2002 4810 vere
2020 4746 2139 4837 placa-

103 4821 227 4914 φῶρα
242 4819 331 4890 rim,
346 4817 492 4904 fuerint,
515 4841 562 4888 ne
578 4817 644 4909 ipsi
660 4820 804 4912 quidem
821 4814 1098 4916 amphictyones,
1148 4838 1205 4896 tus
1226 4824 1272 4896 sit
1298 4839 1464 4896 aeternus
1489 4841 1599 4919 pater.
1658 4831 1713 4912 De
1736 4837 1867 4907 nostris
1891 4855 2008 4914 auteur
2032 4851 2138 4922 adili·

103 4923 164 5018 φὶ
189 4924 229 4992 in
243 4921 390 5017 Synodo
416 4921 576 5005 fuerunt,
602 4919 719 4991 dicere
742 4935 895 5012 possent.
947 4921 1097 4996 Reluta·
1147 4927 1326 5028 ctiouibur
1345 4927 1414 4997 alia
1437 4929 1600 5000 doctrina
1624 4937 1775 5008 tenenda
1807 4951 1872 5008 est.
1923 4941 2017 5018 Sunt
2039 4953 2137 5024 enirn

102 4997 238 5096 tionem
255 5039 373 5094 autem
388 5046 510 5095 eorum
526 5023 671 5108 omitto,
692 5047 733 5094 ac
749 5037 885 5096 tantum
902 5027 946 5096 de
961 5039 1023 5098 tuo
1038 5051 1097 5098 ar·
1147 5053 1336 5099 aerumnae
1351 5024 1527 5102 Ecclesiae
1543 5055 1617 5104 non
1630 5028 1766 5131 λύτρα,
1792 5041 1852 5109 sed
1870 5056 1930 5113 aut
1947 5049 2133 5148 τιμωρίαι,

101 5140 271 5217 ‘umento
286 5127 414 5196 dican„
1103 5215 1107 5226 Ι
1146 5144 1208 5202 aut
1221 5125 1455 5223 δοκιμασίαι,
1482 5145 1545 5204 aut
1558 5129 1759 5235 μαρτύρια.
1794 5135 1847 5212 De
1863 5169 2015 5238 quorum
2028 5176 2136 5243 gene-

181 5229 314 5300 l⁷erum
331 5243 393 5312 est,
420 5223 609 5298 horribiles
625 5249 755 5318 poenas
773 5227 810 5297 iu
829 5223 894 5298 hac
908 5231 979 5302 vita
997 5255 1094 5301 mor·
1146 5255 1226 5302 rum
1247 5231 1453 5304 discrimine
1475 5235 1659 5328 explicatio
1684 5241 1871 5318 utilissima
1892 5257 1964 5337 eu,
1995 5255 2055 5324 red
2077 5250 2135 5330 hic

101 5335 163 5404 uti
188 5329 350 5405 comitari
368 5331 495 5400 delicta
519 5328 635 5400 omnis
658 5331 818 5424 generis,
842 5355 881 5402 ac
907 5333 1094 5427 praecipue
1146 5333 1285 5408 recitari
1303 5357 1376 5408 uon
1391 5347 1517 5431 potest.
1664 5357 1668 5364 '

1452 5433 1538 5512 49*
