4884 5950
300 225 375 300 ιιι
637 147 652 162 ”
789 213 1091 309 laconum
1124 214 1199 289 ar
1231 212 1462 290 anavus
1495 212 1844 294 coucrouns.
2156 151 2168 169 ’
2259 221 2337 294 ιιι

381 395 441 468 Τιι
458 395 534 489 ipse
550 408 602 470 tot
615 395 763 468 vulnera
780 389 930 462 lilioDei
946 390 1117 484 pendenti
1132 390 1171 460 in
1187 413 1291 462 cruce
1342 414 1450 486 quam
1480 391 1580 485 quod
1608 388 1741 464 Paulus
1769 391 1905 487 inquit,
1946 391 2182 466 conscientias
2211 415 2234 464 a
2262 389 2341 466 Deo

300 499 406 586 facis,
419 499 559 594 quoties
574 498 831 568 contumaciter
845 495 958 564 violas
972 495 1084 585 legem
1093 491 1179 579 Dei,
1193 507 1291 586 post·
1342 493 1466 574 avelli,
1495 506 1531 563 et
1550 493 1628 563 fieri
1644 489 1763 566 hostes
1777 492 1864 576 Dei,
1886 496 1918 566 si
1932 495 2006 566 sint
2019 509 2247 566 contumaces
2265 521 2343 568 ma-

302 625 412 695 quam
427 601 604 691 agnovisti
621 599 831 670 beneficium
855 597 921 668 filii
939 594 1028 682 Dei,
1054 596 1118 690 qui
1132 597 1210 666 vult
1224 619 1291 666 noe
1342 593 1559 685 gistratibus.
1611 595 1710 686 Quid
1725 611 1777 668 est
1789 611 1909 668 autem
1925 597 2076 683 tristius,
2102 622 2210 692 quarn
2227 623 2247 668 a
2264 595 2342 672 Deo

302 729 368 796 pro
390 704 636 796 redemptione
660 715 777 793 gratos
795 723 890 784 esse,
930 713 965 770 et
988 696 1080 769 banc
1102 699 1291 788 gratitudi-
1343 698 1507 768 avulsum
1530 709 1565 767 et
1586 699 1793 771 damnatum
1810 701 1907 770 esse?
1959 697 2043 771 ldeo
2059 715 2207 794 propter
2223 698 2340 773 Deum

303 831 385 878 nem
401 801 469 876 hoc
490 805 607 876 officio
628 805 825 884 declarare,
852 802 1017 872 videlicet
1033 801 1217 891 diligentia
1235 802 1292 892 pie
1342 799 1472 870 flectite
1503 799 1642 872 animos
1670 804 1715 873 ad
1738 801 1834 895 piam
1857 803 2099 882 obedientiam
2123 826 2207 894 erga
2229 805 2346 898 magi-

302 910 540 1000 regcndorum
560 931 722 993 morum,
748 931 854 1000 quam
877 919 919 976 ut
941 903 1144 996 praestetis,
1170 918 1206 975 et
1230 928 1292 973 ve-
1344 909 1492 989 stratus,
1517 926 1584 996 pro
1607 929 1678 997 quo
1701 905 1818 976 officio
1834 901 1932 976 Dens
1948 905 2106 998 praemia
2122 907 2292 978 datorum
2310 929 2346 978 se

303 1025 374 1084 stra
389 1011 555 1081 voluntas
569 1009 686 1080 anniti
701 1011 823 1093 debet,
850 1023 880 1078 et
899 1005 996 1077 Deus
1013 1020 1176 1076 aeternus
1193 1020 1293 1099 pater
1345 1004 1523 1096 promittit
1550 1005 1591 1074 in
1620 1001 1689 1077 hoc
1719 1021 1925 1102 praecepto:
1960 1006 2112 1078 Honora
2140 1023 2279 1102 patrem
2310 1023 2346 1080 et

303 1113 442 1184 domini
467 1113 580 1182 nostri
605 1109 685 1182 lesu
710 1107 832 1184 Christ
852 1111 1010 1180 orandus
1032 1121 1103 1194 est,
1127 1109 1190 1202 qui
1214 1109 1293 1178 vult
1344 1121 1514 1193 matrem,
1539 1120 1580 1178 ut
1600 1109 1648 1178 sis
1672 1109 1865 1200 longaevus
1885 1124 2152 1206 superterram.
2202 1109 2345 1183 Deinde

303 1219 388 1286 dare
410 1215 584 1307 Spiritum
602 1228 792 1299 sanctum,
809 1237 883 1282 non
909 1212 1200 1296 contumacibus,
1229 1210 1292 1305 qui
1345 1222 1581 1296 mementote,
1613 1205 1762 1282 scholas
1794 1227 1929 1304 partem
1963 1237 2036 1282 esse
2066 1209 2244 1285 Ecclesiae
2274 1213 2346 1286 Dei

303 1319 423 1388 laxant
454 1319 575 1386 frenos
608 1317 777 1388 omnibus
811 1313 1082 1408 cupiditatibus,
1129 1316 1212 1398 sed,
1253 1327 1293 1383 ut
1346 1313 1584 1406 praecipuam.
1636 1309 1722 1385 ldeo
1738 1314 1816 1386 sitis
1829 1317 2078 1400 modestiores,
2106 1340 2152 1386 ne
2164 1317 2249 1386 mali
2262 1341 2347 1388 mo-

303 1415 466 1494 Christus
490 1420 627 1513 inquit,
653 1420 715 1502 iis,
742 1418 805 1512 qui
829 1431 976 1510 petunt,
1011 1417 1197 1498 modestis,
1233 1439 1294 1485 co·
1346 1439 1402 1485 res
1425 1416 1640 1486 dedecorent
1657 1413 1854 1488 Ecclesiam
1877 1418 1963 1505 Dei,
1997 1434 2032 1492 et
2055 1441 2256 1490 moerorem
2282 1423 2346 1491 ad-

304 1523 500 1613 gitantibus
523 1524 568 1592 de
583 1520 650 1592 Dei
669 1522 872 1606 voluntate,
898 1535 932 1591 et
946 1519 1150 1614 petentibus
1169 1518 1293 1588 divina
1346 1519 1462 1588 ferant
1476 1516 1627 1609 Spiritui
1643 1533 1764 1590 sancto
1782 1520 1955 1594 inbonis.

302 1625 483 1696 beneficia.
1447 1617 1560 1705 Nunc„
1579 1645 1665 1692 vero
1694 1623 1764 1694 tibi
1793 1617 1886 1696 haeo
1905 1621 2072 1695 Rectoris
2101 1623 2197 1715 signa
2226 1627 2346 1696 trado.

405 1723 502 1796 Haec
533 1738 569 1796 et
596 1726 657 1796 alii
687 1749 791 1818 saepe
816 1739 982 1810 monent,
1010 1725 1112 1794 etad
1136 1723 1293 1793 officium
1347 1717 1397 1792 Et
1419 1745 1501 1792 cum
1518 1723 1613 1793 filius
1626 1721 1714 1808 Dei,
1736 1725 1905 1796 dominus
1918 1737 2040 1796 noster
2056 1722 2149 1796 Iesus
2164 1722 2346 1816 Christus,

303 1827 469 1902 Rectoris
494 1829 666 1919 pertinet,
701 1830 787 1900 tales
810 1827 1170 1898 commonefactiones
1192 1825 1295 1896 vobis
1347 1824 1533 1894 crucifixus
1561 1849 1627 1918 pro
1655 1827 1761 1897 nobis
1784 1842 1819 1900 et
1841 1827 2087 1914 resuscitatus,
2126 1831 2347 1920 promiserit,

303 1953 523 2024 proponere,
547 1955 635 2026 quas
650 1955 752 2022 spero
769 1931 864 1999 sanis
879 1943 914 1999 et
935 1929 1164 1998 mediocriter
1177 1951 1295 1998 mora·
1347 1949 1384 1996 ee
1411 1949 1551 2018 semper
1576 1929 1785 2000 adfuturum
1808 1925 1989 2002 Ecclesiae
2011 1930 2196 2001 invocanti
2217 1933 2348 2026 ipsum,

303 2035 350 2104 tis
375 2048 492 2126 gratas
514 2057 598 2104 esse.
650 2029 768 2102 Deum
791 2046 907 2102 autem
933 2045 1117 2101 aeternum
1141 2055 1223 2116 oro,
1255 2043 1296 2101 ut
1348 2051 1433 2110 oro,
1464 2045 1505 2102 ut
1524 2030 1600 2122 ipse
1625 2025 1709 2102 huic
1733 2033 1827 2124 parti
1848 2029 2046 2120 Ecclesiae,
2071 2035 2208 2106 scilicet
2229 2037 2346 2106 coetui

303 2137 379 2229 ipse
403 2129 549 2229 propter
574 2131 769 2204 Ecclesiam
794 2158 860 2204 nos
889 2157 1013 2204 omnes
1032 2134 1226 2225 gubernet,
1261 2146 1296 2203 ct
1348 2123 1558 2202 scholastico
1578 2133 1738 2220 intersit,
1764 2148 1800 2206 et
1821 2148 1856 2205 te
1879 2149 1914 2206 et
1936 2159 2003 2206 nos
2019 2159 2144 2206 omnes
2158 2139 2348 2227 gubernet,

303 2261 369 2309 nos
384 2262 468 2310 vasa
484 2237 747 2307 misericordiae
763 2236 878 2310 faciat.
899 2231 902 2236 ’
930 2234 1026 2312 Diri.
1090 2247 1092 2251 “
1348 2233 1421 2302 imo
1437 2247 1477 2304 ut
1494 2234 1569 2326 ipse
1586 2259 1649 2328 per
1666 2260 1742 2306 sese
1754 2238 1802 2308 sit
1815 2235 1949 2310 Rector
1962 2252 2104 2308 nostrae
2119 2235 2346 2325 Academiae,

294 2331 296 2334 ’
1348 2335 1437 2406 sicut
1461 2360 1543 2406 vere
1564 2353 1617 2410 est
1631 2336 1796 2420 Pontifex
1814 2354 1848 2412 et
1863 2354 1968 2433 capnt
1981 2337 2162 2411 Ecclesiae
2178 2367 2285 2428 suae,
2309 2356 2345 2414 ct

1270 2484 1274 2486 -
1347 2451 1463 2508 servet
1476 2441 1594 2512 studia
1609 2441 1803 2528 doctrinae,
1828 2465 1892 2534 per
1906 2467 2013 2536 quam
2029 2443 2345 2532 celebraturDens,

1347 2553 1383 2610 et
1411 2564 1495 2611 vera
1524 2541 1702 2614 invocatio
1731 2558 1765 2616 et
1792 2544 1908 2616 officia
1930 2542 2007 2615 Deo
2036 2559 2137 2636 grata
2159 2550 2345 2621 docentur.

323 2678 465 2754 Noae.
1073 2684 1187 2753 rnna
1199 2685 1294 2754 1546.
1346 2638 1443 2714 ⁰¹¹¹·

312 2777 484 2806 ww
1075 2777 1289 2816 m

1751 2893 1933 2906 -α-ι-ιι-οιμ

393 2897 427 2951 Ῑιι
448 2893 610 2968 Quaestion.
621 2893 656 2948 ab
671 2892 762 2950 Ebero
774 2891 852 2947 editis
871 2909 899 2962 p.
919 2889 993 2948 tttb
1010 2912 1053 2965 eq.

440 3077 571 3146 Oratio
597 3077 640 3145 io
666 3073 952 3144 renunciatione
976 3075 1154 3146 uectoria.
1358 3049 1523 3176 Q
2165 3065 2337 3194 Q

304 3212 417 3318 Quod
449 3224 604 3294 faustum
641 3235 675 3292 et
696 3219 804 3290 foelix
830 3221 897 3306 sit,
931 3222 1063 3292 electus
1087 3235 1138 3292 cst
1160 3219 1294 3295 Rector

303 3325 535 3408 Academiae,
564 3323 621 3392 vir
634 3326 759 3393 doctus
784 3336 817 3392 et
833 3317 1026 3408 honestus,
1051 3326 1143 3394 etde
1158 3325 1293 3412 multis,

305 3450 395 3524 quos
415 3427 568 3496 fideliter
591 3423 767 3510 erudivit,
800 3424 892 3494 bene
918 3425 1085 3512 meritus,
1103 3415 1294 3516 'Magister
1347 3463 1570 3532 Gratiam,
1601 3465 1716 3534 acm,
1761 3461 1876 3538 φήῃ,
1913 3461 2010 3542 Meg,
2039 3473 2225 3568 Mwmm
2270 3479 2346 3545 10.

303 3523 497 3652 Ioltonnes
512 3517 1122 3647 Marcellusflegiomontanus*).
1174 3527 1293 3602 Huius
1355 3561 1501 3638 mm·
1521 3561 1740 3637 moggum,
1764 3574 2012 3666 mmmm
2033 3571 2143 3649 1543·
2165 3571 2206 3649 Ἰ.
2223 3573 2333 3648 Mn

303 3635 511 3706 electionem
531 3632 633 3700 vobrs
653 3629 795 3722 publrce
814 3652 1001 3704 renuncro.
1053 3629 1192 3704 Multae
1209 3647 1293 3704 sunt

304 3739 400 3808 enim
421 3757 563 3816 causae,
590 3731 775 3804 curtalem
798 3733 1106 3804 renunciationem
1126 3733 1204 3804 fieri
1225 3761 1293 3828 pu·
1344 3739 1428 3823 Etsi
1453 3752 1611 3840 gaudeo,
1644 3745 1708 3821 bas
1733 3767 1849 3844 partes
1873 3756 2015 3830 dicendi
2039 3755 2134 3832 mihi
2156 3765 2344 3838 attribue„

301 3839 393 3912 bliee
417 3838 548 3906 deceat·
598 3833 672 3904 νοῦ
691 3835 1292 3920 ⁰⁸⁰⁰⁵⁸ee³1⁸⁰if022ssfm³nde=
1344 3876 1437 3940 esse,
1462 3853 1501 3922 in
1524 3853 1656 3947 quibus
1677 3877 1815 3926 summa
1838 3871 1890 3930 est
1911 3859 1989 3932 laus
2009 3863 2138 3950 officii,
2167 3869 2345 3954 videlicet,

302 3955 363 4014 tur
375 3939 624 4030 Magistratus,
651 3950 686 4007 ct
697 3937 787 4008 utile
803 3951 872 4022 est,
899 3963 954 4008 me
970 3950 1004 4008 et
1018 3936 1190 4010 Senatum
1199 3935 1292 4012 Aca·
1344 3969 1386 4027 ut
1405 3977 1505 4046 agam
1529 3955 1658 4046 gratias
1672 3951 1750 4026 Deo
1770 3972 1805 4032 et
1826 3959 1888 4044 iis,
1914 3963 1977 4055 qui
1997 3966 2116 4037 studia
2139 3983 2260 4040 2031„
2277 3973 2343 4041 ad.

304 4043 442 4115 demiae
463 4043 579 4132 palam
607 4040 796 4136 profiteri,
822 4061 888 4110 nos
909 4041 1093 4110 communi
1118 4066 1293 4114 consensu
1345 4057 1527 4128 iuverunt:
1561 4069 1682 4142 tamen
1710 4059 1837 4146 doleo,
1868 4085 1926 4132 me
1954 4067 2119 4138 oratione
2142 4093 2220 4142 non
2243 4095 2345 4165 posse

304 4142 390 4218 huie
404 4141 655 4233 Mflblffltlum
672 4143 887 4234 mandam„
903 4155 938 4212 ⁰1
952 4141 1111 4213 Studium
1135 4157 1170 4216 θῑ
1187 4159 1292 4217 ³⁰1⁰·
1344 4160 1429 4230 satis
1449 4159 1629 4230 declarare
1653 4161 1815 4230 ndstrum
1838 4163 2012 4238 iudicium
2028 4171 2073 4240 de
2088 4165 2146 4241 bis
2163 4172 2342 4246 beneficiis

303 4249 447 4320 ritatem
458 4247 501 4316 ad
514 4269 594 4315 eum
605 4245 817 4330 iuvandum,
834 4245 1294 4340 ettuendamdisciplinam,
1345 4276 1380 4333 et
1407 4262 1573 4355 pietatem
1604 4284 1685 4352 erga
1716 4279 1970 4356 praeceptores.
2039 4269 2171 4364 lngens
2191 4278 2338 4348 omnino

304 4351 497 4442 collaturos
517 4367 614 4416 esse.
672 4343 915 4440 Praecipimus
945 4361 1064 4418 autem
1092 4349 1214 4457 vobis,
1253 4367 1293 4424 nt
1344 4363 1413 4435 Dei
1434 4364 1645 4434 beneficium
1668 4377 1738 4448 ast,
1763 4369 1859 4459 quod
1880 4393 1954 4440 non
1971 4373 2086 4444 solum
2103 4379 2340 4468 condidtege.

303 4465 509 4526 reverenter
533 4445 618 4520 huic
638 4445 786 4522 Rectori
801 4445 1015 4522 Academiae
1034 4464 1176 4522 nostrae
1190 4453 1293 4524 dein·
1345 4491 1413 4539 nus
1434 4462 1651 4548 humanum,
1677 4468 1739 4537 sed
1760 4489 1797 4538 se
1818 4470 1924 4540 etiam
1948 4475 2129 4563 patefecit,
2155 4504 2199 4552 ae
2210 4481 2341 4554 tradita

305 4579 385 4652 ceps
407 4552 678 4645 obtemperetis,
707 4565 854 4644 propter
875 4554 1084 4623 mandatum
1117 4555 1294 4650 divinum,
1345 4568 1507 4640 doctrina
1523 4567 1762 4640 ministerium
1782 4569 1956 4659 instituit,
1980 4580 2145 4670 quovulg
2164 4605 2242 4652 eam
2258 4608 2346 4676 pm,

306 4659 402 4753 quod
418 4653 552 4726 Paulus
563 4651 757 4747 Apostolus
774 4649 830 4724 bis
846 4655 964 4725 verbis
977 4656 1120 4728 recitate
1145 4655 1293 4729 Necesse
1345 4671 1481 4763 pagati,
1535 4668 1619 4741 Non
1650 4670 1759 4762 igitur
1787 4673 1903 4746 maius
1932 4679 2141 4752 beneficium
2176 4677 2346 4758 homin„

303 4773 358 4832 est
373 4758 537 4844 obedire,
555 4781 628 4828 non
643 4757 759 4826 solum
775 4769 921 4850 propter
937 4756 1045 4840 iram,
1069 4758 1108 4828 id
1126 4771 1193 4845 est,
1208 4785 1305 4852 prof
1345 4770 1555 4844 hominibus
1588 4771 1771 4864 impertire
1799 4793 1967 4867 possunt,
2015 4807 2124 4876 quam
2155 4788 2345 4860 doctrinae

306 4877 385 4954 pter
416 4884 567 4953 poena&
609 4859 671 4930 ted
704 4857 810 4928 eliam
846 4872 993 4951 propfer
1026 4861 1293 4940 conscientiam·
1345 4874 1724 4960 communicationem,
1763 4876 1802 4946 in
1830 4905 1899 4973 qua
1929 4881 2050 4956 fideles
2072 4887 2241 4960 doctores
2261 4917 2346 4964 vere

305 4961 403 5034 Haec
432 4963 541 5032 verba
568 4961 705 5051 infigite
735 4959 873 5030 intimis
903 4961 1064 5032 sensibus
1098 4977 1292 5053 pectorum.
1344 4991 1430 5048 sunt
1452 4969 1628 5075 σύνεργοι
1649 4976 1764 5066 θεοῦ,
1792 4985 1893 5052 etad
1915 4979 2031 5056 Deum
2055 4991 2243 5064 auditores
2266 5019 2344 5066 ῃοῃ

307 5059 409 5138 Nihil
431 5064 527 5134 essim
551 5062 908 5156 dicffifflviffilffllfflf
930 5065 1292 5140 θάδθῦῑῑθῦἅῆῐῐὶἆὶ·
1345 5094 1570 5152 contumaces
1591 5081 1786 5154 adducunt.
1842 5079 1917 5154 lmo
1934 5094 2195 5181 propemodum
2210 5109 2253 5168 ut
2268 5099 2347 5170 foe-
2431 5133 2432 5162 t

214 5175 223 5190 ‘
305 5168 514 5262 sciplinams
539 5180 574 5238 el
594 5167 640 5236 ad
661 5164 896 5238 muniendum
917 5165 1081 5238 ordinem
1097 5169 1295 5260 politicum,
1345 5195 1403 5252 tus
1424 5183 1463 5250 in
1486 5183 1566 5252 alvo
1589 5195 1753 5254 materno
1774 5199 1935 5258 servatur
1957 5201 1992 5262 ct
2014 5215 2080 5284 per
2100 5197 2345 5290 cotyledones,

305 5331 493 5352 ....--
1162 5329 1167 5338 ·
1346 5299 1515 5378 tanquam
1533 5307 1595 5376 per
1610 5285 1769 5366 canales,
1795 5287 1905 5359 alitur
1921 5289 2012 5366 lacte
2026 5308 2208 5370 materno:
2236 5302 2286 5374 sic
2303 5303 2342 5372 in

339 5413 370 5485 ⁰)
389 5415 414 5469 t·
427 5409 530 5468 flector
543 5407 628 5467 test.
642 5407 745 5465 electu·
758 5419 798 5466 aa
812 5410 840 5468 t.
856 5409 957 5466 natat
972 5409 1051 5468 taes.
1219 5483 1220 5486 Ἴ
1346 5387 1426 5458 alvo
1442 5383 1638 5470 Ecclesiae,
1664 5388 1701 5460 id
1724 5402 1795 5474 est,
1822 5389 1861 5460 in
1877 5393 2015 5484 gremio
2031 5397 2242 5488 doctorum,
2265 5427 2343 5476 scr-

1415 3283 1480 3353 †Es
1492 3303 1588 3358 apogr.
1604 3285 1674 3343 coa.
1687 3285 1771 3345 Gotb.
1786 3287 1839 3344 No.
1849 3287 1893 3346 ts.
1904 3289 1932 3346 ln
1947 3292 1972 3350 f'.
1992 3307 2020 3364 p.
2035 3292 2108 3353 tob.
