4884 5950
271 245 370 326 1007

265 521 337 592 alia
354 517 484 608 scripta
500 513 602 585 utilia
623 512 769 604 reponi,
794 525 835 582 ut
852 514 897 582 ad
915 512 1154 604 posteritatem
1177 537 1261 606 pro·

263 633 439 718 pagentur
461 630 553 686 certa
570 613 753 686 doctrinae
774 614 988 689 testimonis.
1040 609 1087 686 Et
1106 629 1147 686 ut
1167 639 1261 686 sem-

745 233 1064 328 „uuuooum
1089 232 1164 311 ar
1198 182 1443 326 suavus
1462 234 1844 350 conclusos:

264 431 300 490 et
329 413 450 486 Latini
482 423 704 504 reponantur
736 423 771 480 et
800 422 997 482 serventur.
1056 407 1193 482 Curent
1225 423 1261 482 et
1313 413 1465 487 modesti
1490 412 1529 482 in
1546 408 2002 512 omnibus'congressibns‚
2017 411 2105 492 alut·
2121 411 2255 503 placidi
2271 413 2313 484 in

2209 240 2307 319 1008

1314 515 1634 608 disputationibus,
1657 515 1730 586 sint
1745 526 1982 605 temperantes
1996 528 2031 586 et
2047 515 2153 595 casti,
2178 539 2224 584 ne
2239 515 2310 587 im·

1314 617 1459 708 pediant
1473 617 1733 688 invocationem
1743 613 1823 686 Dei.
1855 614 1978 687 Sciant
1993 611 2177 706 prohiberi
2189 618 2311 696 omni-

264 748 330 818 per
357 719 529 791 confectio
552 717 736 787 annalium
763 729 798 786 et
824 742 943 788 rerum
974 731 1151 808 gestarum
1175 743 1260 788 con·
1313 721 1381 790 bus
1397 719 1698 810 puhlicis-legibus
1712 719 1854 788 libellos
1870 718 2043 801 famosos,
2064 719 2219 812 denique
2233 743 2310 796 me·

265 823 410 917 scriptio
425 821 494 891 fuit
507 817 674 890 mandata
691 805 952 900 Sacerdotibus,
976 821 1024 890 ita
1039 819 1078 888 in
1091 815 1159 890 hoc
1174 817 1261 890 Col·
1286 855 1290 938 Ι
1314 821 1487 894 minerint
1507 817 1574 892 hos
1595 835 1713 902 coetus
1734 814 1973 910 'l'heologicos
1993 820 2128 902 similes
2149 843 2223 890 esse
2244 821 2309 892 de-

264 927 358 1018 legio
380 925 473 993 liber
491 921 655 1014 publicus
678 921 742 1006 sit,
763 923 801 990 in
820 946 892 1016 quo
915 922 1090 992 scribetur
1110 921 1260 1012 singulis
1313 918 1557 994 bere-scholis
1586 921 1715 1008 Elius,
1735 917 1887 1007 Elisaei,
1922 916 2092 993 lobannis
2118 919 2310 1012 Baptistae,
2433 977 2435 1004 ,

265 1028 370 1100 annis
390 1022 538 1095 historia
553 1018 797 1117 Ecclesiastico
816 1019 947 1094 herum
965 1023 1171 1114 regionum,
1196 1049 1261 1119 anf
1313 1021 1466 1110 Christi,
1505 1019 1676 1098 lobannis
1697 1025 1879 1115 Apostoli,
1917 1022 2124 1117 Polycarpi,
2158 1023 2307 1110 lrenaei,

1315 1141 1349 1198 et
1377 1127 1563 1199 similium.
1617 1125 1914 1219 Quandocunque
1941 1126 2037 1197 enim
2060 1123 2318 1197 Ecclesiaste..
2434 1155 2435 1170 ¹

1315 1229 1406 1315 ruit,
1433 1230 1520 1302 tales
1533 1229 1672 1322 aliquos
1687 1221 1816 1300 hahuit
1829 1223 2067 1300 scholasticos
2082 1242 2219 1312 coetus,
2243 1251 2308 1320 per
2434 1221 2435 1242 ¹

267 1141 437 1201 notentur
471 1123 662 1196 certamina
699 1125 900 1216 doctrinae,
943 1125 1073 1196 iudicia
1108 1125 1261 1218 piorum,

266 1233 383 1304 exitus
400 1243 434 1300 et
450 1250 585 1321 poenae
604 1227 819 1318 impiorum,
845 1240 881 1297 et
895 1227 957 1296 elii
971 1241 1118 1298 eventus
1133 1229 1263 1318 guber-

266 1345 452 1416 natorum,
479 1341 675 1399 memoratu
692 1329 809 1418 digni,
836 1329 919 1422 quia
940 1330 1090 1420 posteris
1107 1331 1194 1400 utile
1212 1343 1263 1400 est

264 1459 369 1508 nosse
388 1432 523 1503 iudicis
544 1453 647 1501 verae
669 1427 847 1502 Ecclesiae
864 1431 949 1518 Dei,
974 1447 1010 1504 et
1033 1433 1191 1525 exempla
1207 1433 1264 1502 di-

263 1539 342 1611 vini
360 1534 497 1608 iudicii.
1223 1563 1226 1570 s

624 1675 904 1774 Quindecim.
983 1705 1003 1784 ι’

359 1824 506 1916 Semper
523 1822 628 1893 etiam
644 1823 754 1918 aliqui
768 1821 939 1896 Doctores
955 1825 993 1894 in
1010 1817 1078 1894 hoc
1095 1810 1263 1914 Collegio,

268 1943 303 1998 et
327 1929 365 1997 in
386 1922 455 1996 hoc
477 1949 628 1994 numero
643 1939 796 2022 quatuor
811 1925 1020 2012 Lectorum,
1046 1929 1091 1995 ad
1115 1927 1263 1997 latinam

265 2031 426 2121 linguam
448 2027 660 2116 adiungant,
694 2023 866 2098 Ebraicae
886 2043 921 2100 et
942 2025 1098 2098 Graecae
1122 2029 1263 2119 linguae

266 2133 401 2217 studia,
428 2145 469 2202 ut
483 2129 651 2199 adiuvare
667 2128 770 2214 alios,
792 2143 827 2199 et
843 2143 953 2200 totam
971 2127 1164 2200 Ecclesiam
1179 2154 1263 2224 pos-

267 2235 341 2304 sint
374 2231 636 2318 in,retinenda
663 2243 696 2302 et
729 2231 935 2320 explicanda
963 2234 1194 2324 proprietate,
1228 2245 1263 2302 et

265 2331 388 2427 phrasi
423 2332 597 2404 sermonis
626 2329 881 2422 Ecclesiastici,
916 2347 951 2402 et
984 2349 1157 2427 quantum
1184 2335 1262 2404 lieri

265 2451 399 2532 potest,
429 2435 631 2515 ostendere,
665 2433 752 2526 quid
779 2435 819 2503 in
849 2433 1011 2506 fontibus
1040 2437 1193 2526 legatur,
1213 2450 1262 2506 -et

268 2535 431 2634 quaesit
463 2536 503 2612 in
534 2533 694 2606 fontibus
725 2561 804 2620 vera
831 2549 865 2607 et
890 2539 1043 2628 genuina
1071 2539 1261 2636 verborum

268 2639 490 2731 significatio.
543 2635 653 2708 Dedit
678 2638 774 2707 enim
789 2637 887 2710 Deus
903 2641 1038 2710 donum
1059 2639 1261 2731 linguarum

265 2740 445 2813 Ecclesiae
461 2753 606 2832 propter
622 2740 859 2812 ministerium
875 2739 1082 2834 Evangelii,
1108 2757 1143 2812 et
1160 2767 1263 2835 saepe

266 2846 462 2930 instaurat,
490 2857 523 2913 et
543 2843 621 2912 vult
641 2843 878 2937 instauratum
895 2869 970 2914 non
992 2868 1056 2936 per
1077 2846 1263 2936 negligen-

264 2949 353 3020 tiam
369 2943 503 3031 amitti,
523 2946 583 3013 sed
603 2959 747 3038 propter
763 2970 987 3022 communem
1006 2941 1183 3018 Ecclesiae
1198 2971 1264 3017 ne-

267 3049 462 3122 cessitatem
483 3047 656 3118 mediocri
671 3049 856 3139 diligentia
873 3063 907 3126 et
921 3046 1040 3120 studio
1056 3049 1213 3120 retineri.

663 3221 880 3287 Sedecims.

370 3343 547 3420 Omnium
572 3350 871 3440 gubernationum
897 3351 937 3421 in
951 3352 1023 3422 vita
1043 3353 1265 3442 difficillima,

267 3467 319 3526 est
339 3449 585 3524 Ecclesiastica
619 3465 653 3523 et
684 3453 794 3542 magis
816 3453 938 3523 divina
963 3479 1069 3549 quam
1097 3451 1265 3544 humana,

222 3627 226 3632 ,
267 3557 435 3626 ideonos
457 3555 597 3640 omnia,
630 3556 780 3649 quaein
804 3569 904 3628 tants
925 3571 1127 3649 temporum
1144 3561 1265 3629 diver-

268 3659 369 3729 sitate
384 3651 468 3726 huic
483 3653 644 3748 Collegio
665 3658 827 3730 iacienda
844 3672 944 3744 sunt,
971 3660 1160 3750 complecti
1176 3663 1264 3752 legi-

266 3762 336 3855 bus
359 3783 433 3848 non
455 3782 659 3848 possumus,
693 3761 752 3830 sed
778 3757 816 3828 hi
839 3763 1001 3832 doctores
1023 3761 1169 3836 videant
1187 3764 1263 3834 sor-

269 3885 365 3944 mam
400 3861 669 3950 gubernationis
703 3862 741 3930 in
777 3862 950 3954 scriptura
982 3859 1193 3958 Prophetica
1230 3880 1264 3936 et

268 3961 475 4058 Apostolica
491 3963 678 4045 traditam,
703 3977 738 4034 et
752 3967 946 4057 prudenter
967 3987 1043 4034 eam
1067 3965 1263 4055 imitentur,

269 4063 495 4160 etquolibet
524 4075 684 4158 tempore
713 4091 772 4152 ea,
806 4091 896 4159 quae
922 4067 1033 4138 rebus
1059 4067 1263 4142 deliberatis

268 4167 451 4262 communi
465 4167 615 4238 consilio
629 4167 858 4252 iudicabunt,
886 4181 923 4263 et¹
934 4191 1128 4260 congruere
1140 4169 1264 4242 Evan-

266 4269 379 4362 gelio,
407 4281 441 4338 et
460 4267 627 4338 salutarie
642 4292 715 4340 esse
730 4253 908 4352 Ecclesiae
923 4269 1009 4358 Dei,
1039 4288 1160 4362 agant,
1191 4275 1263 4344 im-

266 4370 393 4464 primis
418 4383 536 4441 autem
562 4393 773 4442 consensum
795 4393 905 4464 purae
928 4373 1110 4446 doctrinae
1137 4390 1263 4448 tuean-

268 4489 343 4554 tur,
370 4485 402 4542 et
417 4473 530 4544 vitent
546 4471 731 4543 ambitiosa
746 4475 840 4544 inter
855 4499 929 4546 sese
943 4475 1155 4562 certamina,
1166 4535 1169 4544 .
1181 4503 1262 4549 cum

268 4575 381 4644 scian't
394 4599 496 4667 soepe
509 4569 678 4644 Ecclesiis
691 4589 725 4647 et
740 4575 899 4668 imperiis
912 4579 1158 4664 ambitionem,
1180 4605 1262 4671 pre—

268 4698 330 4744 vas
351 4677 624 4782 aemulationes,
658 4677 885 4768 cupiditatem
910 4681 1105 4764 vindictae,
1137 4682 1262 4752 factio-

178 4809 183 4816 ·
272 4799 355 4861 nes,
381 4779 486 4850 exitio
500 4779 618 4849 fuisse.
1023 4776 1027 4787 '

373 4894 590 4968 Auditorum
604 4899 709 4969 etiam
725 4901 864 4988 ingenia
880 4901 1079 4986 observent,
1102 4904 1166 4974 etsi
1183 4905 1261 4999 quis

271 4992 435 5094 pstttlsns
465 5001 698 5072 delectabitur
732 5001 849 5093 pravis
882 5003 1132 5094 opinionibus,
1166 5002 1261 5078 hunc

268 5113 435 5174 vocaturn
453 5101 497 5168 ad
511 5099 711 5192 Collegium
727 5105 962 5190 admoneant,
987 5120 1021 5178 et
1042 5107 1081 5176 in
1097 5109 1191 5176 viem
1206 5133 1262 5180 re-

226 5265 229 5272 ,
271 5215 419 5288 vocent,
449 5213 671 5274 contumaces
690 5229 775 5274 vero
788 5197 908 5276 severe
924 5203 1141 5278 coherceant.
1177 5209 1261 5280 Mn-

272 5327 328 5374 res
345 5305 450 5376 etiam
468 5305 671 5376 auditorum
694 5331 814 5378 severe
830 5323 972 5399 regant,
995 5315 1122 5382 curent
1142 5327 1184 5384 ut
1199 5337 1262 5382 ve·

273 5407 358 5482 stitu
372 5401 522 5478 honesto
537 5407 680 5535 etvinfra
701 5432 814 5498 genus
828 5411 979 5482 demisso
1002 5427 1170 5496 utuntur,¹
1190 5416 1264 5486 sint
1287 5479 1291 5488 .

1316 1355 1406 1424 quos
1428 1331 1589 1402 doctrina
1614 1331 1672 1422 pia
1699 1345 1888 1422 propagata
1912 1345 1973 1400 est.
2027 1326 2167 1401 Horum
2184 1331 2310 1414 studia,

1315 1435 1440 1520 tidem,
1464 1446 1498 1506 et
1512 1456 1629 1504 mores
1644 1433 1759 1502 nostri
1773 1445 1892 1508 coetus
1906 1431 2013 1504 etiam
2028 1431 2223 1516 imitentur.
2300 1471 2307 1480 ·

1374 1657 1379 1666 ,
1415 1579 1540 1656 Esaiae
1554 1581 1614 1656 Lt.
1666 1583 1774 1656 Posui
1792 1585 1901 1654 verba
1925 1605 2001 1654 mea
2025 1583 2144 1653 inore
2169 1597 2249 1668 tuo,
2275 1599 2310 1654 et

1316 1689 1443 1758 umbra
1464 1704 1705 1780 manus'meae
1727 1699 1907 1780 protegam
1923 1699 1975 1771 te,
2000 1701 2040 1760 ut
2057 1687 2213 1780 plantem
2230 1709 2309 1755 coe-

1316 1791 1369 1860 los
1391 1805 1454 1860 etc.
1918 1783 1922 1797 '

1340 2069 1457 2164 ¹⁴⁰9&
1480 2015 1858 2174 illleps‘ifuoultotsts
1881 2066 2096 2140 teteratsem
2123 2071 2280 2154 ortium,

1467 2263 1481 2280 x
1519 2273 1524 2293 Ι
1544 2185 1897 2282 quosPlu‘losoplss'o
1912 2191 2089 2260 continet.

1403 2354 1500 2426 Deus
1511 2369 1677 2428 'aeternus
1691 2356 1956 2430 Peter'Domini
1976 2358 2091 2429 nos'tri
2107 2355 2185 2426 lesu
2200 2351 2309 2426 Chri·

1315 2459 1374 2544 sti,
1399 2460 1554 2530 ostendit
1568 2461 1692 2549 generi
1707 2455 1866 2530 humano
1881 2462 2001 2532 literas
2014 2473 2049 2531 et
2062 2482 2306 2552 numerorum,

1315 2563 1505 2651 figurarum
1529 2561 1633 2646 anni,
1656 2565 1913 2650 remediorum,
1940 2563 2057 2652 legum
2081 2560 2308 2650 detegendis

1315 2663 1480 2748 civilibus
1495 2663 1656 2732 moribus
1671 2665 1889 2750 doctrinam,
1918 2678 1953 2746 et
1972 2659 2158 2750 historias,
2184 2675 2218 2732 et
2235 2685 2308 2730 ser·
2422 2659 2426 2669 ¹

1316 2779 1374 2835 vat
1394 2760 1480 2833 haec
1495 2765 1589 2833 dona
1613 2767 1719 2835 nobis
1739 2791 1812 2836 non
1829 2765 1971 2854 solum,
1990 2779 2032 2838 ut
2048 2753 2119 2834 sint
2135 2765 2309 2856 praesidia

1315 2864 1423 2937 huius
1456 2865 1548 2936 vitae
1583 2869 1785 2937 communia
1827 2866 1994 2938 omnihus
2028 2859 2209 2958 gentibus,
2249 2868 2309 2934 sed

1315 2969 1430 3039 multo
1446 2968 1556 3058 magis
1570 2993 1631 3054 eo,
1655 2971 1738 3064 quia
1749 2967 1834 3052 'cum
1850 2969 1947 3040 Deus
1961 2972 2134 3039 immensa
2152 2968 2309 3056 bonitate

1317 3095 1357 3140 ex
1372 3071 1433 3138 illa
1449 3093 1510 3140 sua
1527 3083 1667 3141 aeterna
1683 3085 1717 3142 et
1734 3095 1861 3142 arcana
1877 3076 1958 3142 sede
1975 3073 2195 3164 prodiens'se
2210 3083 2307 3162 pate-

1316 3173 1457 3255 fecerit,
1484 3172 1587 3241 editis
1610 3173 1906 3265 promissionihus
1927 3189 1960 3245 et
1986 3175 2187 3260 illustribus
2209 3173 2308 3242 testi-

1317 3275 1447 3343 moniis
1470 3276 1514 3342 de
1534 3273 1607 3342 tilio
1637 3297 1702 3345 suo
1726 3275 1883 3346 Domino
1907 3289 2029 3346 nostro
2050 3267 2133 3345 lesu
2155 3267 2310 3353 Christo,

2432 617 2435 736 l

1317 3377 1431 3446 voluit
1447 3371 1538 3445 hanc
1554 3399 1653 3446 suam
1669 3377 1958 3468 patefactionem,
1984 3379 2079 3448 dicta
2101 3373 2134 3447 el
2149 3375 2308 3446 testimo·
2433 3403 2434 3438 2

1317 3479 1376 3547 nis
1391 3478 1554 3664 maniaci
1570 3479 1682 3548 literis
1697 3503 1761 3572 per
1774 3477 1908 3566 Patres,
1929 3475 2135 3572 Prophetas,
2155 3491 2187 3548 et
2205 3475 2307 3568 Apo-

1317 3581 1445 3664 stolos,
1499 3596 1513 3651 t
1535 3576 1600 3648 hac
1624 3582 1784 3675 doctrine
1817 3582 1885 3652 sibi
1910 3577 2104 3652 Ecclesiam
2131 3593 2307 3650 aeternam

1317 3681 1445 3770 colligi.
1499 3681 1599 3754 Sicut
1618 3681 1749 3754 Paulus
1765 3685 1900 3778 inquit:
1925 3679 2162 3776 Evangelium'
2179 3695 2231 3764 est
2246 3707 2308 3773 po-

1316 3785 1425 3854 tentia
1442 3781 1507 3853 Dei
1526 3785 1570 3853 ad
1588 3785 1736 3856 salutem
1753 3789 1851 3855 omni
1869 3787 2038 3858 credenti.
2082 3783 2157 3855 Nec
2174 3785 2308 3853 aliaest

1316 3885 1477 3956 doctrina
1500 3875 1583 3956 veris
1604 3889 1648 3956 de
1676 3875 1901 3959 invocatione
1923 3887 2007 3973 Dei,
2034 3892 2078 3958 de
2101 3887 2307 3958 reconcilia·

1316 3989 1413 4059 tione
1437 3983 1624 4058 hominum
1648 4013 1728 4059 cum
1752 3989 1847 4072 Deo,
1881 3995 1924 4060 de
1947 3992 2019 4068 vita
2042 4005 2202 4072 aeterna,
2236 3988 2305 4056 nisi

1317 4086 1402 4164 haec
1427 4091 1502 4182 ipse
1535 4091 1663 4161 tradita
1696 4117 1715 4161 a
1738 4090 1815 4162 Deo
1839 4117 1905 4184 per
1924 4091 2067 4174 «Patres,
2104 4083 2306 4182 Prophetas,

1315 4187 1496 4264 Christum
1513 4208 1548 4262 et
1564 4189 1765 4282 Apostolos.
1818 4195 1943 4266 Servat
1964 4197 2075 4285 igitur
2089 4192 2184 4264 Deus
2209 4187 2304 4262 hunc

1316 4295 1462 4384 librum,
1483 4307 1517 4363 et
1532 4289 1729 4366 Ecclesiam
1745 4301 1927 4368 custodem
1943 4299 2020 4368 eins
2037 4320 2109 4367 esse
2123 4295 2302 4388 praecipit

1314 4394 1387 4466 Nec
1405 4409 1545 4466 tantum
1568 4399 1739 4489 proponi,
1771 4400 1858 4490 legi,
1891 4415 1926 4470 et
1948 4399 2065 4469 audiri
2089 4395 2199 4470 huius
2220 4397 2299 4464 libri

1314 4498 1512 4567 doctrinam
1536 4501 1698 4581 mandat,
1725 4503 1786 4572 sed
1804 4503 1882 4573 vult
1897 4498 2109 4582 Ecclesiam,
2136 4514 2302 4592 tanquam

1313 4601 1447 4672 foetum
1470 4601 1509 4668 in
1525 4600 1606 4669 alvo
1629 4607 1806 4688 materno,
1830 4599 1916 4674 huic
1931 4605 2103 4674 inclusam
2123 4599 2303 4672 doctrinae

1313 4703 1358 4772 ab
1374 4725 1413 4772 ea
1428 4702 1496 4785 ali,
1521 4703 1565 4771 ad
1583 4702 1689 4772 vitent
1706 4719 1902 4791 aeternam,
1927 4729 1993 4776 nee
2013 4705 2101 4774 alias
2115 4703 2303 4795 opiniones

1202 4853 1206 4858 -
1314 4805 1358 4873 de
1375 4805 1769 4878 essentiaetvoluntate
1794 4805 1880 4887 Dei,
1907 4809 1952 4876 de
1968 4831 2051 4877 vera
2067 4807 2303 4888 invocatione,

1313 4907 1405 4975 etde
1421 4906 1710 4976 reconciliatione
1728 4907 1922 4984 admittere.
1963 4907 2074 4981 'Sicut
2096 4907 2216 5003 in'quit
2229 4903 2304 4975 Da·

1313 5007 1390 5076 vid:
1418 5007 1578 5078 Lucerna
1601 5011 1752 5100 pedibus
1771 5013 1861 5082 meis
1880 5014 2029 5084 verbum
2045 5007 2160 5084 tuum.
2210 5007 2302 5080 Cum

1313 5109 1422 5206 igitur
1440 5133 1580 5180 necesse
1603 5111 1649 5181 sit
1673 5107 1768 5183 hune
1789 5113 1922 5184 libru'm
1944 5115 2057 5186 aDco
2082 5112 2188 5184 'nobis
2205 5133 2305 5181 com-

1313 5213 1517 5284 mendatum
1538 5235 1764 5305 cognoscere,
1798 5241 1914 5310 neque
1933 5218 1970 5286 id
1995 5218 2073 5286 sine
2100 5214 2306 5306 cognitione

1314 5312 1513 5400 literarum,
1547 5314 1769 5404 linguarum,
1801 5332 1836 5389 et
1859 5317 2054 5390 multarunt
2075 5318 2205 5388 artium
2227 5315 2303 5385 lieri

1314 5415 1442 5509 possit,
1474 5417 1700 5488 manifestum
1727 5434 1795 5506 est,
1824 5421 1863 5490 in
1886 5423 2012 5514 primis
2036 5417 2218 5492 Ecclesiae
2238 5417 2303 5487 nei
