4896 5974
121 169 198 241 617
382 147 385 152 ⁵
853 159 1177 252 CARMINUM
1228 173 1334 249 LlB.
1361 173 1440 256 111.
1790 115 1795 124 Ι
2085 171 2179 269 618ι

120 333 256 413 Πίστει
279 335 471 440 datatim
493 339 557 416 καὶ
572 343 676 420 τοῦτ’
693 339 872 444 ἔφρόνηο’
887 344 952 420 ὅτι
960 340 1118 445 χριστὸν
1168 344 1382 439 Perpetuam
1399 361 1434 420 et
1448 349 1557 422 vita'm
1573 353 1680 427 tracta
1697 360 1831 434 cervice
1844 359 2030 450 Draconis,

171 439 352 539 lictorique
373 445 527 540 βροτοῖς
545 443 632 520 υἱὸν
652 448 792 546 inestque
814 442 912 530 θεός.
1217 447 1388 522 Restituit
1403 453 1509 522 nohis
1525 457 1706 544 agnitione
1721 462 1788 535 sui.
2259 539 2263 548 ,

119 541 313 638 Δεξαμένη
339 571 378 617 re
404 545 623 646 ἐπαγγελίας
647 549 772 624 αὐτοῦἸ
788 555 844 646 τῷ
871 547 1025 640 discissis,
1167 549 1346 646 Quodque
1364 554 1417 624 tui
1436 555 1568 646 spargit
1584 557 1742 632 flammas
1757 565 1794 634 in
1813 580 1954 657 pectora
1969 570 2084 660 ssatus,

169 651 226 742 τῷ
246 642 358 737 πατρὶ
381 653 451 720 τοῦ
471 657 631 746 χριστοῦ
652 651 733 726 ὄντι
758 647 934 748 λατρεύσε
958 652 1052 747 θεῷ.
1108 665 1116 674 “
1216 651 1311 724 Pura
1326 651 1513 748 Evangelii
1528 683 1612 728 voce
1630 680 1778 736 sonante
1795 669 1859 740 tui.
1896 693 1897 696 ¹
2126 681 2131 692 ’

117 751 206 832 Νῦν
228 741 298 820 οὖν
320 744 383 843 ἠδ’
406 748 538 850 ἀγαθὴ
559 750 681 848 ψυχὴ,
707 750 779 848 τὴν
801 748 922 848 σάρκα
942 757 1113 845 λιποῦσα,
1165 751 1268 825 Talia
1284 770 1325 826 ut
1338 757 1376 825 in
1394 757 1498 827 nobis
1512 760 1583 829 sint
1599 760 1684 833 casti
1700 758 1865 838 incendia
1881 773 2009 856 cordis,
2026 841 2028 850 ,

172 850 214 921 ἐν
238 854 421 946 λαμπροῖς
446 851 613 949 πταμένη
640 849 811 948 δώμασιν
837 851 1041 948 οὐρανίοις,
1215 849 1385 949 Optimus
1400 871 1450 929 est
1465 861 1581 954 qualis
1598 864 1741 956 spiritus
1758 869 1832 959 ipse
1845 867 1925 941 Dei.

120 951 344 1046 ἱστορεοῦσα-
366 949 460 1026 θεὸν
487 951 622 1052 σοφίας
647 955 765 1030 αὐτοῦ
792 950 984 1043 ἀπολαύει,
1166 955 1220 1028 Te
1255 983 1379 1050 precor
1412 963 1640 1054 omnipotens
1672 971 1868 1064 mundique
1895 969 2154 1075 hominumque

171 1050 236 1126 καὶ
261 1049 374 1144 ὑμνεῖ
397 1051 515 1128 αὐτὸν
539 1054 656 1130 πολλὰ
682 1055 944 1152 διδασκομένη.
1110 1123 1113 1128 .
1677 1087 1824 1158 creator,
1879 1091 1884 1102 ’

119 1154 180 1238 Ως
205 1151 243 1228 δ’
272 1151 293 1226 ὃ
317 1152 440 1254 γέρων
459 1154 590 1240 ’Ἀτλας
616 1157 785 1257 στιβαρῷ
810 1154 899 1232 πότι
924 1154 1077 1258 cipimus,
1215 1155 1311 1230 Voce
1327 1172 1386 1230 tua
1404 1164 1510 1233 nobis
1526 1180 1559 1238 et
1577 1169 1745 1259 patefacte
1761 1171 1868 1247 Deus.

171 1251 228 1331 υἱὲ
246 1253 457 1352 Ἀρισταῖος
480 1263 558 1342 τοῖς
581 1258 655 1334 νέω
680 1263 880 1343 ἐνναεταῖς.
1163 1257 1336 1350 Quamvis
1351 1263 1460 1350 iusta,
1486 1279 1603 1337 tamen
1624 1273 1729 1343 nobis
1746 1287 1806 1345 tua
1823 1291 1943 1367 parcat
1957 1293 1997 1353 ut
2013 1281 2078 1368 ira,

122 1359 298 1458 Τέρμοτα
322 1354 441 1442 δεῖξιν
466 1358 570 1444 ἔτους
594 1363 683 1461 θεῖηι
708 1360 900 1458 ταχθέντα
926 1366 1096 1460 προνοιᾷ,
1154 1357 1155 1365 '
1214 1360 1329 1452 Quam
1348 1367 1447 1454 gnati
1472 1367 1613 1458 placant
1629 1387 1709 1444 vota
1725 1401 1899 1472 cruorque
1916 1380 1981 1456 tui.

171 1455 356 1556 σημασίας
381 1459 532 1558 ἄστρων
557 1468 681 1560 σπεῖρε
708 1460 966 1540 διδασκαλίαν.
1066 1529 1067 1532 ,
1161 1462 1300 1557 Perque
1326 1465 1442 1558 ipsum
1466 1491 1603 1562 semper
1618 1497 1685 1544 uos
1707 1477 1801 1548 inter
1817 1481 1944 1572 collige
1964 1497 2113 1568 coetum,

117 1561 248 1645 Οὕτως
275 1561 435 1636 εὐποιοῖν
462 1559 666 1648 σαξιιίνιιιον
694 1566 807 1650 ἔθνος
824 1565 1030 1662 ’Ἐρασμος,”
1214 1563 1256 1634 ln
1271 1592 1341 1660 quo
1360 1569 1404 1638 sit
1419 1565 1492 1638 'veri
1511 1573 1621 1661 gloria
1640 1591 1722 1647 nota
1741 1577 1820 1654 Dei.

167 1663 238 1762 τὴν
262 1661 345 1758 περὶ
369 1669 447 1737 τῶν
472 1665 623 1763 ἄστρων
649 1671 772 1767 σπεῖρε
798 1663 1058 1741 διδασκαλίαν.
1161 1664 1231 1736 llic
1248 1667 1312 1738 Sol
1330 1670 1509 1758 iusticias,
1535 1699 1601 1744 uos
1616 1689 1656 1748 ut
1672 1693 1729 1748 tua
1746 1681 1856 1753 simus
1871 1685 1988 1777 imago

116 1769 369 1863 Μαιροκακοῖς
383 1765 419 1838 κ’
440 1763 488 1840 δν
504 1763 582 1842 ἐστὶ
596 1766 711 1869 γιλώς
724 1766 770 1842 τὸ
782 1764 823 1843 δὲ
837 1771 1108 1864 κενταυροῖσιν,
1210 1765 1337 1840 Nostra
1354 1772 1421 1841 sibi
1437 1775 1611 1868 adsimiles
1627 1794 1764 1869 pectora
1779 1782 1857 1854 lrrce
1872 1810 1946 1861 sua.

169 1869 263 1943 ἄλλα
288 1863 426 1964 μίμημ’
455 1866 591 1968 ἀρετὰν
616 1875 671 1969 τῷ
699 1875 807 1969 σοφῷ
834 1865 911 1944 ἐστὶ
937 1869 1030 1968 θεηῖ.
1161 1867 1303 1963 Nosque
1318 1885 1378 1942 tuo
1393 1873 1480 1944 ssatu
1497 1893 1705 1972 renueretque
1720 1898 1885 1978 regatque
1902 1901 2071 1980 petentes,

187 2007 190 2014 ,
1212 1969 1301 2043 Urut
1316 1968 1375 2043 hic
1390 1990 1428 2044 ut
1444 1993 1579 2048 mentes
1595 1979 1687 2070 ignis
1705 2007 1824 2055 amore
1840 1985 1917 2058 Dei.

1161 2069 1257 2144 Haec
1273 2099 1394 2146 ornnes
1408 2102 1546 2148 mecum
1560 2081 1691 2152 faciant
1706 2087 1864 2158 ardentia
1881 2105 1973 2171 vota,

115 2210 181 2283 Nn,
197 2211 284 2285 253,
947 2213 1107 2279 m1553·
1212 2174 1328 2271 Seque
1343 2191 1462 2268 petant
1479 2179 1573 2250 inter
1585 2199 1709 2255 cuncta
1728 2189 1859 2276 pericla
1876 2192 1961 2282 regi.

121 2307 293 2337 Μ
928 2304 1101 2332 Μ
1162 2273 1285 2348 Gratia
1302 2279 1361 2348 sed
1378 2281 1547 2372 quoniam
1562 2284 1711 2356 debetur
1723 2289 1814 2359 iusta
1828 2294 1985 2378 docenti,

185 2403 295 2460 Etiam
318 2421 333 2458 ι
352 2399 500 2454 verrendo
519 2419 544 2472 p.
556 2399 599 2456 tt.
617 2403 700 2456 estam
721 2402 749 2455 tn
770 2405 815 2463 tra
833 2389 1011 2474 untdotttosn
1025 2365 1109 2469 steen
1211 2376 1284 2468 Qui
1302 2393 1393 2452 recte
1410 2397 1584 2455 monstrat
1601 2411 1746 2456 munera
1765 2414 1901 2463 summa
1915 2381 1996 2474 'Det

216 2473 308 2541 nstro
331 2469 527 2552 iiiiii-2⁷⁸⁶·
551 2489 577 2541 P·
594 2469 673 2554 ⁶⁴²⁰,
701 2473 764 2531 Vll·
783 2491 845 2546 epp.
864 2473 934 2530 ²¹²¹·
958 2472 1108 2552 V⁰¹·.V¹¹¹·
1159 2475 1254 2572 Ergo
1269 2481 1430 2552 Pastores
1447 2484 1545 2554 ut'sit
1560 2489 1756 2559 reverentia
1773 2506 1869 2579 nota,

216 2543 303 2666 ρὲοἷμ.
346 2543 390 2593 obs
416 2541 442 2592 ln
462 2557 555 2592 versus
579 2549 643 2593 sunt
665 2559 694 2594 ιιι
716 2561 761 2644 ep.
786 2545 820 2597 sd
845 2543 971 2599 Matthcs.
1014 2543 1106 2596 λοῦται

300 2577 372 2662 pm·
391 2627 417 2680 p.
431 2605 492 2666 281..
635 2603 637 2610 ,
1211 2581 1328 2654 Prosit
1342 2597 1377 2656 et
1393 2587 1550 2676 exemplo
1566 2613 1632 2658 uos
1648 2593 1826 2663 resonuisse
1842 2598 1958 2666 rudes·

1159 2681 1320 2778 Quisque
1339 2709 1447 2754 rnanu
1466 2699 1558 2756 casta
1574 2707 1684 2762 castas
1698 2697 1861 2784 adportet
1873 2700 1917 2767 ad
1932 2722 2023 2784 aras,

519 2735 703 2804 precam·
1210 2784 1258 2858 Ut
1273 2791 1373 2856 decet
1388 2787 1504 2858 officio
1521 2789 1640 2862 debita
1657 2794 1757 2884 signa
1774 2797 1838 2888 pii.

114 2867 166 2941 Te
182 2877 324 2937 maneat
339 2886 477 2954 semper
492 2875 654 2936 servante
670 2862 825 2936 Ecclesia
841 2859 994 2957 Christe,

165 2971 389 3059 lnsertosque
402 2965 468 3035 tibi
488 2989 553 3036 nos
568 2980 627 3038 tua
645 2969 766 3036 dextra
785 2979 887 3056 tegat,

113 3073 203 3145 Tres
213 3071 314 3140 velut
329 3069 367 3136 in
383 3067 524 3138 flamma
547 3081 651 3138 testes
668 3065 889 3162 Babylonide
903 3092 1033 3150 servas,

160 3173 240 3248 Rex
253 3171 315 3240 uhi
331 3183 548 3262 praesentem
565 3183 599 3240 tc
613 3169 701 3240 vidit
718 3193 791 3238 esse
804 3161 933 3246 Deum.
1157 3127 1339 3280 Q

1256 3364 1336 3437 Apud
1352 3367 1479 3423 Vincerat.
1491 3385 1518 3440 p.
1533 3366 1592 3424 179.

923 3601 1095 3630 m

110 3506 292 3638 Q
939 3537 988 3582 ru·
1009 3513 1102 3577 ¹⁵5³·
1284 3528 1358 3598 Ceu
1371 3527 1493 3597 multa
1510 3527 1809 3601 intersedicunt
1826 3531 2018 3634 Theoiopir

176 3703 261 3790 apua
278 3703 403 3760 vincent.
423 3702 566 3824 iim'q‘
579 3709 606 3753 er
625 3698 652 3754 tn
666 3697 779 3821 seppptr
797 3699 874 3768 pust.
886 3701 966 3754 Τοιιι.
981 3701 1035 3766 ιι.,
1055 3699 1102 3758 ubi
1258 3671 1328 3746 Sed
1343 3687 1447 3765 gnate
1463 3673 1530 3744 Dei
1546 3688 1580 3745 te
1595 3671 1736 3746 Christe
1752 3691 1826 3750 toto
1843 3695 1984 3772 pectore

212 3773 386 3828 inscribitur:
403 3809 424 3840 „
451 3769 698 3828 ectorhcsdernisc
766 3768 1103 3836 reattetettorttmaiur,
1256 3772 1429 3860 Oramus,
1454 3789 1495 3846 ug
1512 3798 1577 3845 nos
1593 3777 1722 3868 spiritu
1737 3801 1836 3870 regas
1853 3795 1951 3854 tuos:

210 3842 277 3898 artis
289 3839 554 3896 medicaeDoctor.”
579 3838 617 3893 Ar
632 3835 836 3892 Melanthouem
852 3837 932 3892 habet
946 3846 1100 3893 auctorem.
1291 3875 1328 3894 .,
1546 3877 1555 3895 .
1717 3879 1726 3896 ,

179 3939 186 3948 ,
215 3909 376 3965 vincentius
388 3909 542 3982 inreriprttr
1257 3875 1417 3970 Vrtrsque
1431 3901 1511 3948 cum
1526 3899 1594 3962 ιιι,
1619 3878 1781 3968 palmites
1794 3882 1849 3952 sac
1867 3907 1932 3954 nos
1949 3899 2027 3957 tuo:

1005 4035 1009 4045 .
1254 3975 1352 4048 ldern
1371 3979 1439 4069 piis
1454 3979 1547 4050 votis
1562 4002 1700 4050 mecum
1717 3985 1921 4072 precemini.

107 4075 285 4150 Edictum
310 4071 459 4142 nomine
484 4069 654 4138 Rectoris
677 4062 928 4151 Academiae,
969 4085 1102 4157 propo-

104 4189 228 4256 erum
243 4169 510 4260 Scholasticis,
533 4177 577 4240 art
592 4169 821 4239 ιιιιιιιαιοιιλα
835 4188 908 4238 suo
921 4161 975 4236 ad
989 4187 1102 4240 ororrr

493 4286 496 4294 ’
512 4265 692 4386 offerrent.⁸

102 4415 219 4488 Mens
233 4419 371 4479 aeterna
388 4401 504 4490 Deus,
531 4429 654 4488 verax,
679 4404 791 4488 hona,
817 4402 949 4486 libera,
974 4401 1078 4489 iusta,
1150 4379 1331 4505 Q
1972 4397 2142 4514 &Q

153 4513 282 4595 Casta,
309 4507 433 4577 volens
446 4506 579 4576 similes
590 4527 655 4575 nos
672 4505 775 4575 etiam
791 4527 864 4573 esse
880 4503 958 4577 tibi.
1083 4563 1086 4570 .
1377 4590 1385 4606 θ

104 4611 324 4690 vindicibus
339 4607 492 4678 flammis
508 4608 575 4676 tibi
593 4630 682 4700 quae
699 4605 874 4676 contraria
891 4605 998 4692 deles,
1253 4590 1336 4662 ΑΡ1111
1352 4591 1480 4648 vaccent.
1497 4611 1524 4665 Ρ·
1535 4591 1578 4650 ⁷⁴·

156 4714 318 4788 iustitiae
334 4735 418 4780 nam
432 4721 471 4780 tu
485 4707 624 4799 Regula
639 4707 712 4776 sola
728 4727 863 4778 manes.
1277 4703 1280 4713 '

102 4822 264 4910 Corpora
281 4835 371 4908 quae
388 4811 512 4881 mundi
528 4811 637 4880 verbo
652 4809 815 4879 distincta
833 4806 969 4894 creasti,

156 4915 349 5009 Exemplar
365 4915 459 5008 quod
475 4911 530 4981 vis
545 4911 682 4982 ordinis
697 4925 770 4979 e‘sse
784 4910 882 4983 honi.

106 5023 286 5118 Quodque
301 5031 361 5088 tua
377 5014 507 5104 effigies
521 5026 574 5084 cst
589 5027 623 5084 et
640 5017 684 5082 de
701 5011 835 5082 lumine
852 5011 985 5100 lumen,
1148 5001 1325 5095 Margaris
1349 5004 1386 5074 in
1400 5001 1547 5076 conchis
1562 5007 1678 5077 oritur
1693 5008 1881 5078 dulcedine
1897 5011 2001 5100 roris,

155 5124 265 5216 Quod
279 5118 407 5190 tribuit
420 5117 525 5186 nobis
538 5115 773 5208 notitiamque
790 5113 854 5188 tui.
948 5209 955 5216 ·
1196 5103 1351 5176 Nomina
1367 5129 1457 5199 quae
1474 5106 1634 5198 Sponsae
1650 5107 1824 5197 Margaris
1841 5127 1922 5203 apta
1940 5117 2050 5214 dedit..

100 5225 149 5307 Et
161 5221 282 5316 fragili
296 5221 463 5290 indutum
476 5240 541 5310 pru
558 5217 663 5288 uobis
678 5215 820 5296 victima
836 5237 953 5302 carue,
1143 5203 1278 5278 Rorem
1296 5203 1481 5296 Evangelii
1498 5231 1569 5302 quo
1588 5207 1705 5300 pingit
1718 5211 1865 5284 nomine
1880 5211 2055 5301 Christus,
2079 5247 2082 5252 ·

147 5325 309 5408 Iustitiae
324 5321 432 5394 solvit
445 5321 564 5392 debita
580 5313 697 5419 λύτρα
715 5331 806 5406 tuae,
822 5387 825 5394 ,
1196 5307 1301 5381 Mens
1316 5309 1373 5400 pia
1388 5333 1492 5402 quem
1506 5309 1629 5380 sitiens
1645 5335 1708 5382 ceu
1723 5336 1816 5386 nova
1833 5313 1967 5390 concha
1982 5320 2087 5414 capita

1148 4753 1208 4823 De
1222 4755 1371 4823 nornine
1386 4753 1634 4850 Margarides
1647 4760 1687 4830 irr
1703 4762 1849 4852 nuptiis
1866 4761 1917 4831 D.
1940 4761 2140 4842 Doridis

1126 4891 1127 4894 ¹
1191 4851 1430 4948 (lllyiruet'.
1483 4859 1807 4974 (Nuptissl'ueruntd.
1826 4867 1874 4935 1⁰.
1891 4865 1971 4934 Nor.
1989 4871 2100 4955 1568.)
