4888 5962
233 277 236 284 .
302 206 378 281 759

307 374 510 472 scriptionis
525 375 672 458 fecerat,
698 383 733 442 et
741 369 899 443 Varroni
914 369 1024 442 vitam
1043 373 1177 465 donat,
1192 395 1293 443 eum·
1317 417 1319 428 .

308 505 378 578 que
394 481 434 550 in
450 477 638 570 pristinam
655 473 864 566 dignitatem
879 473 1045 548 restituit.

411 579 485 652 Hic
507 573 698 674 disputari
712 585 847 672 potest,
873 600 925 645 an
950 572 1094 648 licuerit
1109 565 1294 647 Calenum

306 707 426 782 poena
443 676 592 781 afficere
603 737 613 768 ‚
625 672 728 779 quod
740 669 1042 751 coatro'edictum
1057 677 1296 779 proscriptio-

308 785 369 858 nis
378 782 501 884 serit?

402 885 628 960 EtCalenum
644 899 719 955 non
736 897 830 954 recte
845 885 968 954 fecisse
981 885 1066 955 inde
1080 886 1225 980 quidam
1238 909 1296 954 ra-

310 991 547 1063 ciocinantur:
573 986 790 1080 Receptator
805 987 1010 1080 puniendus
1031 1001 1092 1062 cst.
1144 985 1297 1064 Calenus

310 1093 453 1164 videtur
465 1091 573 1162 luisse
596 1102 804 1182 receptator.
856 1087 948 1158 Nam
970 1089 1123 1161 edictum
1141 1090 1298 1186 proscri-

310 1193 443 1287 ptionis
460 1207 536 1264 erat
550 1192 790 1286 publicatum,
816 1205 851 1261 ct
868 1192 954 1261 belli
970 1215 1073 1262 causa
1094 1193 1134 1262 in
1148 1207 1298 1286 utraque

309 1311 431 1390 parte,
458 1310 497 1367 ut
519 1318 622 1387 saepe
644 1294 702 1378 fic,
729 1291 867 1388 aliquid
883 1287 1075 1376 habuerat,
1102 1297 1198 1388 quod
1215 1319 1298 1387 pro-

308 1400 430 1472 babile
445 1397 561 1467 videri
576 1408 724 1488 poterat.
775 1394 878 1470 Certe
895 1392 1048 1468 Calenus
1064 1420 1138 1466 non
1161 1397 1298 1487 impro-

310 1503 417 1572 babat
440 1522 581 1570 causam
607 1492 771 1572 Antonii.
823 1495 943 1586 Quare
973 1523 1048 1569 non
1079 1513 1172 1568 recte
1204 1499 1299 1586 lecit,

312 1628 391 1674 cnm
412 1597 549 1673 hostem
565 1597 734 1682 Antonii,
755 1614 791 1672 et
808 1600 952 1694 quidem
967 1601 1072 1672 amici
1086 1595 1220 1696 texit¹).

416 1703 488 1778 Sed
501 1717 624 1774 contra
640 1703 826 1774 disseritur
835 1697 864 1799 ²)
877 1729 884 1773 :
909 1704 1092 1794 sanguinis
1105 1703 1298 1774 necessitu-

313 1808 416 1879 dines
439 1800 574 1876 habcnt
597 1805 856 1877 excusationem
882 1804 922 1874 in
945 1806 1009 1876 tali
1031 1829 1134 1896 casu,
1159 1805 1298 1912 aclicet

312 1923 462 2002 cognato
485 1903 642 2000 hospitio
667 1908 827 2000 excipere
849 1921 1061 1998 cognatum,
1090 1908 1297 1999 praesertim

313 2013 352 2082 in
375 2035 478 2083 causa
502 2011 624 2082 dubia.
676 2007 747 2080 Par
769 2023 821 2079 est
838 2021 955 2078 autem
970 2009 1061 2080 ratio
1077 2012 1120 2080 de
1141 2011 1298 2101 cognatis

313 2129 349 2186 ct
379 2112 513 2186 amicis.
575 2109 696 2199 Quare
716 2105 864 2181 honeste
885 2110 968 2183 lecit
992 2109 1166 2196 Calenus,
1200 2115 1298 2206 quod

313 2239 377 2286 suo
409 2237 538 2304 magno
564 2211 714 2304 periculi
743 2213 845 2281 amici
874 2213 982 2282 vitam
1011 2215 1183 2296 servavit,
1217 2239 1297 2286 cum

313 2341 395 2388 eum
419 2316 459 2385 in
483 2315 632 2414 aedibus
649 2314 723 2386 suis
745 2314 894 2388 abdidit.
946 2313 1065 2386 Multa
1089 2318 1185 2386 enim
1205 2318 1298 2387 inci-

315 2421 407 2490 dunt
420 2431 598 2510 tempora,
621 2416 686 2485 ubi
704 2429 827 2486 contra
850 2417 954 2487 amici
969 2419 1189 2488 iracundiam
1206 2419 1298 2488 ami·

285 2543 376 2604 ‚cus
400 2521 491 2590 alius
513 2521 684 2608 tegendus
712 2532 774 2592 est.
833 2515 882 2590 Et
915 2520 1006 2590 illud
1041 2533 1156 2591 astute
1181 2520 1298 2610 ,magis

314 2646 421 2716 quam
440 2645 523 2690 vere
538 2621 685 2692 dieitur:
711 2619 765 2690 Ne
789 2619 837 2690 sis
863 2622 956 2692 inter
974 2623 1066 2692 duos
1090 2622 1221 2692 amicos
1241 2623 1299 2692 iu-

307 2727 393 2798 dex.
444 2721 629 2794 Praeclare
652 2721 691 2795 P.
715 2720 856 2814 Scipio,
882 2725 945 2818 qui
963 2725 1067 2794 fratri
1087 2724 1298 2813 suffragatus

314 2841 365 2896 est
380 2839 504 2896 contra
520 2824 684 2910 Lelium‚
710 2825 773 2918 qui
789 2824 820 2894 ei
837 2826 1104 2910 benevolentia,
1130 2839 1162 2896 et
1179 2821 1299 2898 omniss

314 2931 381 3000 bus
396 2927 521 2998 officiis
536 2927 763 2998 coniunctior
779 2941 854 2998 erat
871 2951 977 3021 quam
994 2929 1115 3002 frater.
1150 2929 1220 3000 Dat
1237 2953 1299 2998 ve-

314 3030 411 3102 niam
436 3043 470 3100 et
485 3029 559 3099 Lex
579 3031 619 3098 in
635 3027 788 3118 Digestis
809 3030 925 3116 affini,
957 3031 1012 3100 vel
1038 3045 1186 3121 cognato
1209 3031 1300 3100 reci-

316 3131 431 3222 pienti
455 3132 643 3203 latronem.
696 3129 782 3199 ldco
805 3129 965 3202 Cimonis
988 3134 1156 3223 asperitas
1178 3157 1296 3225 repre·

316 3229 506 3312 benditur,
547 3231 611 3326 qui
643 3233 781 3303 curavit
809 3233 925 3302 occidi
957 3230 1167 3324 Epicraten,
1203 3236 1298 3328 quod

316 3328 552 3404 Themistocli
578 3333 736 3404 exulanti
768 3333 865 3404 misit
885 3356 1032 3404 uxorem
1053 3332 1133 3430 et’)
1156 3337 1300 3408 liberos.

315 3431 417 3504 Nihil
435 3435 531 3504 enim
544 3435 627 3505 iecit
644 3447 766 3506 contra
782 3431 963 3527 Rempub.
980 3437 1118 3508 etiamsi
1132 3441 1300 3511 damnato

316 3537 361 3606 ad
385 3536 571 3632 exilium⁴)
596 3537 782 3628 coniugem
805 3551 840 3608 et
868 3561 997 3630 parvos
1028 3538 1161 3612 liberos
1193 3543 1301 3614 misit.

316 3637 387 3711 Sed
410 3641 456 3711 de
478 3635 534 3710 bis
561 3640 830 3736 quaestiouibus
855 3653 955 3710 tuum
977 3641 1151 3714 iudicium
1180 3645 1302 3719 audire

315 3742 440 3833 cupio,
466 3765 553 3835 quas
576 3743 722 3836 quidem
746 3742 981 3833 explicatione
1002 3744 1127 3835 dignas
1150 3769 1223 3816 esse
1246 3747 1304 3817 in-

316 3843 415 3930 dico,
440 3844 526 3938 quia
549 3845 736 3916 continent
758 3845 1036 3937 disputationem
1060 3847 1152 3918 vitae
1166 3849 1304 3932 utilem,

315 3945 380 4016 ubi
403 3945 539 4040 privata
565 3946 720 4017 amicitia
751 3947 904 4038 publicis
930 3949 1055 4019 edictis
1077 3951 1304 4022 anteferenda

316 4047 381 4132 sit,
406 4061 467 4118 aut
488 4064 629 4142 contra,
654 4048 719 4120 ubi
741 4063 887 4140 propter
909 4051 1052 4142 publica
1074 4051 1204 4140 edicta,
1231 4055 1305 4147 pri-

315 4160 417 4218 vatae
433 4151 711 4221 necessitudines
724 4151 968 4241 negligendae.
1021 4149 1115 4228 Dixi.

1254 4385 1306 4393 ——n

337 4520 406 4596 No.
422 4520 486 4597 et.
577 4487 582 4498 ’
1037 4535 1194 4602 aare..
1208 4535 1304 4604 1543.

317 4615 533 4666 ,Ἃ
1021 4629 1301 4662 sm

383 4737 420 4792 ln
441 4737 605 4809 Quaestioa.
624 4758 651 4813 p.
671 4739 728 4796 48¹¹
747 4760 788 4813 sq.
807 4771 839 4786 -
876 4743 993 4798 iteruin
1014 4741 1085 4798 Mel.
1106 4742 1214 4799 Goosil.
1232 4741 1264 4800 Ρ.
1283 4745 1305 4798 Ι.

418 4809 524 4928 piffl.
561 4810 728 4932 Apogrspha
741 4811 769 4864 in
786 4811 851 4868 cod.
866 4809 965 4869 Mehu.
979 4809 1013 4865 ll.
1026 4832 1054 4884 p.
1069 4811 1129 4867 207.
1149 4822 1176 4865 et
1194 4811 1224 4868 iu
1238 4813 1303 4868 cod.

452 4890 533 4936 ostro.
549 4879 592 4934 88.
613 4899 659 4937 no.
688 4881 720 4938 V.
736 4899 763 4953 p.
777 4879 863 4938 sstb.

315 5031 535 5051 -ἣ

292 5197 296 5206 Ι
348 5124 379 5193 1)
398 5122 485 5190 texit]
502 5123 584 5184 liber.
599 5129 667 5181 escit.

347 5211 387 5279 22¹
398 5207 469 5265 eoa.
482 5207 563 5264 Mon.
580 5213 734 5268 auserunt.

346 5297 374 5367 8)
393 5295 477 5352 Eber.
491 5313 530 5350 ex
542 5315 594 5367 pro
610 5307 652 5366 et,
672 5317 701 5352 cx
717 5299 830 5354 mendo.

336 5381 378 5452 'Q
397 5389 538 5440 demmin
552 5386 592 5437 od
606 5389 686 5451 exst]
704 5389 767 5442 cod.
779 5387 859 5442 Mon.
876 5390 1020 5444 exulanti.

868 193 1745 290 QUAESTIONESACADEMICAE.
1857 235 1859 248 ·

2251 187 2328 264 740

1345 375 1543 460 Quaestio,
1568 393 1592 444 α
1620 374 1745 460 Vita,
1772 371 1881 443 Dect.
1898 367 1977 440 Viti
1998 321 2219 438 ii'a‘rrslccmc'i
2235 358 2331 460 filio,

1342 478 1538 570 proposita
1562 479 1615 547 M.
1642 467 2113 564 loaouiMorpuoltio
2139 463 2335 540 Lindoerr-

1343 585 1399 670 si,
1450 601 1536 650 cum
1578 581 1866 652 renunciaretur
1905 575 2046 646 Ductor
2096 567 2334 668 Theoicpiae.

1556 683 1664 753 Anno
1693 678 1801 756 lata.
1830 677 1893 752 die
1918 671 2106 750 turma

1345 817 1439 908 Scio
1465 845 1613 902 aetatem
1636 845 1793 902 nostram
1817 853 1892 900 non
1916 851 1990 898 csse
2013 826 2181 896 idoneam
2207 825 2252 893 ad
2277 823 2336 893 di-

1346 936 1500 1004 cendum
1535 934 1575 1003 in
1611 932 1827 1024 gravissimis
1860 929 2107 1022 congressibus
2137 926 2335 1006 seniorum,

1347 1063 1412 1108 nec
1434 1031 1649 1108 adhibemur
1664 1037 1703 1106 iu
1717 1034 2043 1107 deliberationibus.
2094 1025 2165 1101 Sed
2182 1029 2281 1123 quod
2296 1027 2336 1096 in

1346 1135 1403 1211 his
1420 1138 1629 1232 spectaculis
1645 1139 1782 1233 aliquas
1798 1161 1873 1210 esse
1888 1151 2028 1208 nostras
2048 1145 2165 1224 partes
2179 1144 2335 1202 vetustas

1347 1243 1482 1327 voluit,
1509 1246 1600 1313 duae
1614 1242 1773 1312 fortassis
1787 1264 1912 1318 causae
1928 1252 2031 1310 sunt:
2058 1233 2183 1306 Altera
2202 1247 2243 1304 ut
2265 1233 2334 1325 ipsi

1347 1341 1504 1416 honores
1521 1345 1721 1416 studiorum
1738 1339 1797 1414 hic
1813 1342 1946 1430 imitari
1956 1337 1984 1432 ¹)
2000 1341 2182 1423 dicamus,
2212 1337 2334 1420 altera,

1347 1461 1388 1522 ut
1403 1450 1443 1518 in
1458 1448 1592 1538 templo
1615 1447 1799 1518 vobiscum
1814 1441 1930 1530 Deum
1953 1464 2117 1526 oremus,
2140 1453 2180 1512 ut
2201 1435 2334 1510 Docto-

1348 1576 1430 1621 rum
1452 1576 1492 1621 ac
1519 1549 1733 1621 discentium
1756 1561 1892 1618 mentes
1917 1571 1958 1616 ac
1985 1546 2124 1616 labores
2146 1542 2333 1634 gubernet.

1347 1652 1425 1724 Hae
1458 1677 1583 1724 causae
1610 1651 1796 1743 praecipue
1822 1651 1939 1720 valere
1964 1649 2116 1732 debent,
2142 1659 2182 1716 ut
2205 1643 2245 1712 in
2273 1637 2331 1738 bis

1349 1755 1595 1846 congressibus
1639 1749 1869 1844 Theologicis
1904 1746 2150 1822 adhibeamus.
2209 1744 2331 1818 Pluri-

1348 1883 1447 1928 mum
1465 1858 1560 1944 enim
1578 1869 1698 1928 nostra
1716 1857 1844 1936 refert,
1871 1853 2056 1926 adsuelicri
2078 1873 2144 1920 nos
2166 1871 2187 1918 a
2203 1847 2331 1920 teneris

1349 1963 1393 2030 ad
1409 1956 1599 2050 Evangelii
1615 1983 1792 2045 amorem,
1817 1957 1908 2030 sicut
1922 1957 2039 2052 inquit
2057 1949 2240 2030 Christus:
2278 1947 2335 2020 Si-

1348 2064 1425 2134 nite
1440 2064 1611 2155 parvulos
1627 2063 1671 2134 ad
1692 2085 1749 2130 me
1767 2060 1901 2134 venire.

1450 2179 1592 2253 Deinde
1607 2203 1673 2250 nos
1688 2180 1833 2272 quidem
1848 2193 1929 2249 ante
1952 2175 2071 2247 omnia
2087 2170 2251 2268 qnotidie
2272 2163 2336 2236 boc

1348 2285 1482 2378 precari
1498 2285 1616 2363 decet,
1642 2295 1682 2352 ut
1697 2282 1792 2353 Deus
1813 2283 1998 2351 literarum
2035 2273 2336 2368 propagationem,

1349 2386 1515 2458 honestas
1540 2381 1678 2456 scholas
1704 2397 1739 2454 et
1764 2409 1885 2458 earum
1913 2377 2066 2474 hospitia
2102 2377 2274 2448 defendat
2304 2385 2334 2442 ct

1350 2503 1472 2564 servet.

1456 2605 1577 2696 Quare
1607 2619 1642 2675 et
1665 2627 1728 2695 ego
1752 2603 1895 2694 publica
1924 2626 2010 2672 voce
2033 2615 2068 2672 et
2093 2611 2170 2671 toto
2197 2607 2335 2688 pectore

1349 2710 1465 2782 Deum
1496 2723 1699 2792 aeternum,
1739 2705 1879 2776 Patrem
1915 2701 2064 2774 Domini
2106 2700 2224 2772 nostri
2256 2695 2334 2768 lesu
2429 2705 2430 2766 Ῐ

1349 2809 1482 2884 Christi
1500 2835 1585 2898 oro,
1611 2823 1651 2881 nt
1674 2805 1767 2878 hanc
1782 2805 1978 2902 Ecclesiam
1995 2815 2207 2876 nostramet
2224 2795 2335 2873 Scho-

1349 2917 1440 3000 lam,
1467 2938 1557 3007 quae
1584 2912 1637 2998 ei,
1673 2927 1713 2984 ut
1735 2909 1894 2982 Levitica
1927 2910 2044 2982 tribus
2074 2901 2335 2985 Tabernaculo,

1350 3019 1515 3089 adiuncta
1533 3031 1604 3101 est,
1629 3027 1727 3104 regat
1741 3029 1778 3084 et
1793 3028 1918 3086 servet.

1452 3134 1502 3206 Ut
1517 3149 1634 3205 autem
1650 3133 1798 3203 usitatae
1815 3129 2067 3201 consuetudini
2084 3129 2334 3218 obtemperem,

1352 3261 1514 3332 propono
1531 3237 1792 3332 quaestionem,
1811 3235 1956 3323 dignam
1971 3230 2260 3303 consideratione
2274 3229 2336 3296 do-

1351 3355 1508 3423 ctorum,
1536 3355 1570 3410 et
1592 3341 1630 3408 in
1654 3337 1802 3432 Synodo
1826 3334 2016 3405 Basiliensi
2033 3333 2206 3404 acerrime
2228 3322 2334 3422 agita-

1351 3458 1439 3514 tam:
1469 3436 1527 3510 Aa
1543 3439 1582 3511 in
1599 3435 1774 3536 Synodo,
1800 3437 1840 3508 in
1855 3433 2004 3507 iudiciis
2019 3431 2249 3530 dogmatum,
2264 3425 2337 3502 soli

1352 3543 1535 3642 Episcopi
1550 3537 1715 3613 habeant
1728 3535 2042 3645 suffragationem
2057 3533 2273 3620 dccisivom,
2295 3540 2333 3601 ut

1353 3645 1509 3718 vocant?

1455 3761 1509 3838 Ae
1526 3767 1619 3836 solos
1632 3761 1830 3857 Episcopus
1845 3758 1976 3832 habere
1991 3754 2084 3830 bane
2099 3757 2337 3840 autoritatem,

1353 3872 1497 3941 videtur
1511 3893 1552 3938 ex
1568 3863 1638 3938 boc
1653 3879 1880 3959 argumento,
1903 3863 1999 3957 quod
2020 3861 2059 3931 in
2069 3859 2222 3955 ‚Synudo
2232 3855 2336 3933 Chal·

1353 3972 1545 4045 cedonensi
1566 3971 1735 4062 scriptum
1752 3982 1821 4039 est:
1849 3965 2037 4060 Synodum
2052 3986 2127 4034 esse
2140 3957 2338 4054 Episcopo-

1353 4100 1453 4158 rum‚
1479 4097 1555 4144 non
1570 4069 1800 4144 Clericorum.
1852 4067 1934 4139 Non
1956 4067 2067 4158 igitur
2082 4065 2254 4136 concedit
2268 4064 2337 4134 sut-

1354 4177 1585 4268 fragationem
1604 4175 1767 4258 caeteris,
1793 4166 2146 4263 praeterEpiscopos.
2200 4165 2337 4239 Deinde

1354 4295 1395 4352 ut
1416 4279 1564 4349 maxime
1585 4278 1801 4348 concedatur
1825 4273 2028 4370 suffragatio
2049 4293 2124 4341 non
2147 4270 2240 4342 solis
2256 4267 2336 4362 Epi-

1355 4382 1491 4473 scopis,
1525 4382 1586 4451 sed
1608 4379 1720 4451 etiam⁴
1748 4377 1895 4448 caeteris
1917 4373 2189 4458 Sacerdotibus,
2223 4387 2337 4445 tamen

1352 4485 1479 4556 Laicos
1500 4483 1739 4554 excludendos
1767 4503 1841 4550 esse
1860 4479 2100 4562 contendunt,
2152 4472 2254 4565 Quia
2287 4497 2338 4544 re-

1355 4601 1495 4680 ceptum
1520 4599 1591 4666 cst,
1624 4583 1756 4656 iudicia
1781 4605 1857 4654 uon
1879 4605 1953 4652 esse
1978 4578 2257 4664 confundenda,
2283 4578 2338 4647 sed

1353 4711 1474 4760 causas
1490 4683 1692 4780 prophanas
1705 4685 1959 4780 relinquendas
1975 4679 2338 4772 esseMagistratibus,

1353 4793 1415 4888 qui
1432 4791 1582 4886 imperia
1604 4791 1822 4880 gubernant,
1848 4785 2114 4857 Ecclesiasticas
2136 4807 2227 4854 vero
2257 4783 2338 4852 deb-

1351 4895 1502 4964 niendas
1519 4917 1592 4963 esse
1606 4889 1872 4986 perEpiscopos
1889 4877 2160 4971 etSacerdotesJ
2181 4887 2272 4982 quia
2287 4881 2337 4954 his

1351 5021 1435 5068 cura
1458 4997 1641 5066 doctrinae
1672 4995 1915 5065 commendata
1942 5003 2011 5077 est,
2046 4988 2139 5060 sicut
2164 4991 2336 5082 scriptum

1350 5113 1403 5170 est
1419 5101 1513 5191 apud
1530 5091 1764 5168 Malachiam:
1789 5091 1845 5166 Ex
1861 5117 1923 5164 ore
1937 5089 2141 5165 Sacerdotis
2156 5091 2337 5187 requiram
2427 5165 2428 5176 χ

1353 5287 1560 5302 m——unu—fl—-fl

1387 5401 1413 5468 l)
1432 5395 1500 5454 coa.
1514 5395 1595 5451 Mon.
1610 5397 1722 5451 mirari.
