4884 5950
128 149 206 227 att
576 152 889 248 autumna
939 153 1014 230 ΕΤ
1063 147 1299 232 BRRVES
1349 150 1708 231 CONCIONES.
1806 215 1807 220 Ν
2082 155 2171 248 ΜΩ,
2296 255 2298 264 ¹

170 371 172 374 -
232 323 326 401 Cum
342 341 460 402 antem
475 327 636 424 quotidie
656 344 900 424 praeceptores
913 343 1048 403 vestros
1075 331 1121 402 ed
1168 327 1251 398 dem
1273 349 1410 420 poenae
1431 329 1648 423 oppriment.
1700 324 1773 400 Sed
1796 327 1843 400 de
1863 329 2012 408 cacteris
2027 330 2157 418 dicam,

130 430 303 522 dignitate
334 455 375 502 ac
398 431 436 502 vi
457 431 576 523 legum
598 433 765 504 docentes
789 457 830 504 ec
861 433 1120 526 praecipientes
1167 453 1322 524 quornm
1344 453 1462 501 mores
1487 445 1571 502 sunt
1596 431 1670 524 apti
1696 429 1852 521 legibus,
1883 425 1950 502 hos
1971 425 2155 520 adhortor,

128 531 301 618 audiatis,
327 557 403 605 non
415 547 497 606 utar
510 535 672 626 longiore
688 537 917 628 praefatione.
959 533 1117 607 Tantum
1165 543 1207 604 ut
1230 555 1268 603 se
1293 533 1339 602 ad
1360 532 1479 624 legum
1501 557 1658 604 amorem
1681 549 1715 606 et
1739 534 1973 606 reverentiam
1997 535 2156 608 assueta·

94 663 95 666 ¹
126 659 193 706 vor
209 631 481 722 Adulescentes,
508 638 572 732 qui
588 639 627 707 in
643 637 772 708 studiis
792 639 979 710 literarum
998 661 1117 710 versa-
1165 633 1272 708 ciant.
1299 633 1390 705 Tale
1403 635 1620 730 tyrocinium
1635 649 1755 728 postea
1771 636 1810 704 in
1827 635 1965 730 reliqua
1980 635 2053 707 vita
2068 637 2154 729 plu-

127 739 239 820 nimi,
264 733 410 826 hortor,
435 763 480 810 ne
505 748 622 812 vestro
647 740 765 810 officio
787 743 906 813 deesse
919 741 1056 828 velitis,
1082 753 1117 814 et
1163 735 1296 808 timum
1309 737 1465 828 prodest.
1516 735 1608 808 Nam
1632 734 1717 808 haec
1737 737 1922 828 diligentia
1946 761 2153 810 commone·

125 855 268 912 utnon
294 854 433 914 tautum
458 843 611 914 audiatis
635 837 730 913 hanc
759 843 878 936 legum
901 843 1116 936 publicatio-
1163 837 1246 910 facit
1259 839 1364 912 rudia
1382 838 1584 930 ingeniade
1597 841 1711 912 causis
1725 840 1861 930 legum,
1891 861 1980 934 quas
2003 840 2151 931 cogitari

124 967 227 1030 nem,
252 945 314 1037 sed
332 943 440 1016 etiam
454 969 592 1017 summa
607 967 690 1016 eura
707 947 877 1017 studeatis
892 947 966 1018 vita
988 960 1115 1018 etmo-
1164 953 1198 1010 et
1220 941 1404 1026 meditari,
1431 941 1602 1035 sapientie
1626 957 1678 1014 est
1699 937 1845 1034 humine
1860 941 2088 1034 dignissima,
2115 957 2151 1014 el

124 1047 228 1117 ribus
247 1047 322 1116 illis
336 1069 471 1139 parere.
523 1045 631 1120 Scitis
652 1048 749 1118 enim
771 1044 890 1120 Deum
913 1045 1116 1134 hancxohe-
1162 1043 1262 1113 utilis
1281 1044 1460 1132 moribus,
1484 1059 1518 1116 et
1538 1044 1649 1114 flectit
1672 1045 1812 1114 animos
1834 1046 1880 1114 sd
1902 1045 2093 1130 virtutem,
2113 1059 2149 1116 et

124 1148 299 1219 dientiam
309 1173 384 1219 non
392 1149 700 1244 minuarequirera
714 1137 856 1232 avobis,
872 1175 980 1245 quam
994 1151 1025 1220 si
1038 1151 1114 1242 ipae
1161 1145 1306 1236 rapidos
1328 1145 1483 1238 inpetus
1505 1141 1678 1220 cohercet.
1733 1145 1841 1218 Nulla
1876 1171 1945 1218 vox
1979 1141 2149 1232 humana,

124 1273 191 1322 sno
204 1251 318 1342 digito
334 1245 399 1322 has
414 1253 508 1343 leges
523 1253 796 1345 conscripsisset.
842 1251 966 1348 ltaque
983 1267 1017 1324 et
1031 1253 1115 1344 pul-
1163 1248 1264 1317 nulla
1279 1249 1503 1341 eloquentia,
1524 1249 1608 1318 satis
1620 1249 1797 1340 explicare
1813 1259 1948 1342 potest,
1974 1263 2148 1341 quantum

122 1349 303 1424 cherrima
325 1355 481 1446 praemia
507 1355 695 1448 proposuit
717 1355 811 1437 illis‘,
841 1356 905 1450 qui
927 1357 1112 1448 obtempe-
1161 1350 1296 1422 adterat
1314 1351 1479 1422 utilitatis
1503 1350 1693 1421 mediocris
1720 1365 1859 1422 tantum
1881 1373 1966 1422 cura
1988 1349 2150 1440 discipli·
2219 1439 2220 1442 Ἴ
2343 1405 2348 1412 .

125 1469 227 1538 rant,
261 1469 297 1528 et
324 1457 482 1528 vieissim
512 1453 706 1528 horribiles
732 1479 865 1549 poenas
892 1457 984 1545 illis,
1023 1481 1113 1552 quae
1161 1475 1248 1526 naec
1290 1449 1456 1525 Primum·
1475 1450 1559 1524 Deo·
1576 1469 1675 1544 grata
1697 1468 1767 1535 est,
1797 1466 1920 1524 tuetur
1939 1453 2053 1523 multa
2074 1453 2147 1524 Dei

121 1559 384 1632 contumaciter
403 1573 623 1651 repugnant,
659 1560 751 1632 sicut
777 1560 897 1654 inquit
924 1561 1112 1654 scriptura:
1161 1553 1348 1640 beneficia,
1373 1555 1539 1648 impetrat
1552 1552 1789 1647 Reipublicae
1809 1577 1937 1645 magna
1960 1556 2147 1626 commoda

121 1657 317 1734 Calamitas
331 1675 366 1733 et
380 1653 542 1733 coultrsio
556 1663 690 1734 accidet
706 1657 781 1749 his,
808 1663 870 1757 qui
884 1664 1017 1734 uolunt
1038 1663 1113 1756 pati
1160 1654 1292 1738 aDeo,
1318 1669 1438 1730 tuctur
1459 1681 1606 1750 corpora
1631 1672 1667 1730 et
1688 1658 1949 1743 valetudinem,
1976 1655 2079 1732 radix
2095 1671 2148 1728 est

120 1762 371 1855 disciplinam,
396 1778 431 1835 et
446 1765 509 1859 qui
526 1766 772 1858 obtemperant
787 1765 1021 1853 correctioni,
1045 1761 1111 1836 hn-
1160 1771 1196 1828 et
1216 1753 1399 1829 inchoatio
1420 1761 1583 1832 omnium
1605 1761 1798 1843 virtutum,
1821 1759 1964 1831 instruit
1989 1758 2149 1850 ingenia,

119 1889 213 1936 nore
231 1867 442 1941 afficientur.
966 1933 968 1936 ,
1160 1873 1199 1930 ut
1215 1861 1352 1952 possint
1367 1885 1440 1930 esse
1455 1862 1537 1934 usui
1548 1859 1730 1933 Ecclesiae
1743 1875 1778 1934 et
1794 1860 2039 1954 Reipublicae.
2078 1857 2147 1930 His

377 1973 381 1982 ’
495 1985 592 2077 Lege
606 1983 759 2060 statuta,
1159 1961 1374 2033 utilitatibus
1390 1965 1526 2034 moveri
1543 1959 1706 2035 homines
1729 1989 1749 2034 a
1772 1979 1898 2035 natura
1922 1977 2016 2034 recte
2040 1963 2146 2032 insti-

1159 2077 1256 2134 tutos
1278 2065 1445 2139 arbitror.
1496 2063 1567 2137 Sed
1589 2091 1611 2134 e
1634 2069 1780 2156 regione
1794 2067 1899 2136 etiam
1916 2066 2143 2138 incommoda

426 2185 431 2194 ⁴
499 2199 579 2269 pm
598 2201 750 2271 Syma·
1158 2165 1356 2255 expendite.
1406 2166 1513 2237 Absit
1534 2181 1693 2238 anostro
1710 2168 1857 2254 ordine,
1883 2181 1919 2238 et
1939 2192 1959 2236 a
1978 2179 2053 2236 toto
2077 2190 2146 2236 no-

1157 2267 1256 2336 mine
1275 2263 1481 2340 Christiano
1504 2269 1677 2354 amentia,
1703 2293 1765 2342 seu
1789 2271 1892 2339 luror
1914 2269 2032 2360 potius
2054 2265 2145 2360 Epi-

227 2352 427 2460 Αῠᾶῑνῖὅῑῖἓ
451 2357 563 2448 Ῑθὸθδ,
602 2383 694 2452 (1⁰³²
721 2361 765 2430 ad
796 2361 972 2451 reflando-’³
992 2383 1111 2431 mores
1157 2391 1363 2457 cursorum,
1389 2371 1541 2464 quinon
1556 2383 1683 2462 putant
1703 2371 1806 2440 irasci
1822 2368 1938 2441 Deum
1953 2371 2145 2440 sceleribus

120 2471 278 2544 mima
304 2475 338 2534 ²¹
360 2463 405 2530 id
430 2460 525 2552 ΡΜῙ8
541 2459 801 2547 des0⁰⁸i⁰¹¹0ffla
827 2463 930 2536 V⁰bi⁸
949 2463 1111 2554 proposi·
1156 2465 1344 2557 humanis,
1372 2497 1453 2542 cum
1468 2473 1566 2542 dicat
1585 2497 1654 2542 vox
1680 2471 1857 2542 coelestis:
1884 2470 2036 2563 Propter
2056 2467 2143 2542 haec

119 2575 290 2636 imum·
342 2561 601 2648 ὅῦῗῑῖθὸὓῑθῐΰ,
625 2587 805 2654 ”esposse
829 2559 1007 2636 humanos
1030 2583 1111 2638 coe
1156 2573 1256 2664 venit
1286 2574 1339 2642 ira
1363 2573 1431 2645 Dei
1460 2597 1571 2666 ¹super
1602 2588 1836 2646 contumaces.
1895 2571 2005 2643 Punit
2036 2573 2145 2662 igitur

119 2677 181 2736 ω*
203 2665 280 2736 ὃίηθ
304 2664 461 2755 leiim»
493 2665 572 2734 ³5¹¹*
590 2666 718 2738 ⁰1di¹¹0
741 2666 882 2758 iliqusss
903 2667 981 2739 5¹¹0
1003 2667 1108 2739 ‘fitti-
1155 2671 1486 2767 Deus'disciplinae
1510 2687 1751 2769 contemptum
1783 2675 1947 2767 publicis·
1970 2675 2143 2758 cladibus,

121 2765 224 2856 ΡῙῙΜ
246 2767 400 2840 “lim“
425 2767 736 2861 t”inquiillimem·
784 2765 833 2840 Ei
858 2769 952 2839 velle
982 2766 1108 2850 Deum,
1156 2776 1641 2868 etprivatisealamitatibus.
1681 2775 1860 2848 Miranmr
1876 2773 2047 2846 Tereiana
2062 2799 2144 2846 suc-

117 2862 231 2938 huius
244 2863 507 2962 pulcherrimae
525 2883 560 2940 et
574 2870 800 2942 dulcissimae
812 2871 991 2945 societatis
1006 2884 1109 2943 auto·
1155 2901 1289 2960 cessus‚
1314 2891 1350 2950 et
1368 2879 1454 2949 alias
1465 2875 1644 2950 Ecclesiae
1660 2901 1864 2960 aerumnas,
1891 2901 2041 2972 quarum
2057 2901 2142 2948 cau-
2161 2881 2164 2888 ⁴

117 2993 215 3055 rem,
240 2971 400 3062 singulos
414 2972 487 3044 suis
502 2972 784 3062 magistratibus,
810 2972 964 3063 legibus,
991 2972 1109 3046 etim·
1154 3003 1214 3050 sae
1236 2981 1369 3052 multae
1389 2995 1473 3052 aunt
1495 2995 1531 3052 et
1551 3005 1709 3072 magnae.
1760 2981 1830 3054 Sed
1849 2975 2146 3059 scholasticorum]

117 3071 230 3166 pariis
244 3096 380 3164 parere.
433 3070 488 3146 De
502 3067 560 3144 his
574 3075 728 3154 vinculis
742 3075 858 3146 civilis
883 3075 976 3150 vitae
994 3089 1029 3146 ct
1048 3099 1109 3146 so-
1157 3083 1327 3154 modestia
1352 3083 1419 3154 toti
1434 3079 1612 3156 Ecclesiae
1635 3084 1894 3176 mitigationem
1912 3083 2141 3174 publicorum

117 3174 257 3246 cietatis
284 3199 366 3248 cum
391 3177 554 3270 quotidie
584 3177 812 3267 gravissimae
835 3171 1043 3254 ,habeantur
1068 3177 1106 3252 iu
1158 3184 1332 3254 malorum
1360 3185 1551 3278 impetrare
1565 3200 1693 3278 posset.
1743 3184 1836 3256 Nam
1859 3199 2004 3277 propter
2024 3167 2179 3272 studia-

116 3276 265 3368 templis
280 3293 315 3352 et
329 3279 369 3350 in
386 3275 518 3358 scholis
536 3278 745 3364 conciones,
770 3303 846 3352 non
869 3279 985 3350 dicam
1010 3303 1108 3352 nunc
1154 3287 1342 3379 praecipue
1356 3283 1454 3358 Deus
1475 3303 1661 3362 conservat
1684 3288 1844 3380 politius,
1869 3301 1911 3359 ut
1932 3309 2035 3380 saepe
2058 3311 2145 3380 pro-

116 3379 304 3472 prolixius.
363 3379 476 3474 Spero
506 3395 624 3454 autem
647 3383 806 3454 modesta
830 3380 991 3472 ingenia,
1025 3395 1106 3452 eta
1153 3388 1275 3460 mittit.
1332 3383 1382 3459 Et
1406 3382 1504 3491 hanc
1527 3413 1665 3462 causam
1690 3391 1818 3480 allegat
1839 3384 2036 3481 Propheta:
2087 3386 2143 3460 Ne

118 3484 316 3557 naturaad
341 3483 510 3556 virtutem
534 3483 696 3568 incitata,
722 3496 889 3554 mamare
903 3478 1000 3556 hunc
1013 3483 1107 3555 vitae
1153 3491 1271 3560 uades
1295 3489 1417 3560 bestiis
1437 3490 1574 3558 animas
1600 3492 1806 3562 confitentes
1833 3491 1924 3564 tibi:
1962 3488 2037 3562 Cur
2068 3493 2142 3560 iam

116 3584 304 3670 ordinem,
321 3609 362 3656 ao
380 3584 618 3677 disciplinam,
632 3586 798 3676 etlegum
814 3610 936 3656 vocem
952 3587 1107 3656 libenter
1153 3591 1285 3682 putatis
1306 3591 1346 3660 in
1367 3586 1437 3660 hoc
1463 3586 1645 3667 horrendo
1668 3591 1846 3676 tumultu,
1871 3591 1934 3685 qui
1959 3591 1999 3660 in
2023 3591 2143 3662 vicina

114 3687 253 3770 audire,
267 3699 301 3758 et
317 3701 443 3780 sponte
457 3689 614 3774 obedire,
629 3700 671 3758 ut
684 3687 928 3760 venustissime
943 3711 964 3760 a
977 3685 1105 3758 Plauto
1153 3693 1352 3780 ortusluit,
1376 3689 1494 3764 Deum
1511 3693 1706 3786 pepercisse
1727 3688 1785 3766 his
1799 3693 2030 3782 regionibus?
2065 3690 2143 3764 Piis

116 3788 351 3860 dictumest:
376 3788 781 3881 Facileest'imperium
808 3789 985 3860 inbonis.
1033 3788 1104 3860 Sed
1155 3795 1302 3880 studiis,
1338 3807 1372 3866 et
1401 3795 1583 3868 doctrinae
1607 3794 1776 3888 pepercit.
1829 3791 1882 3866 lta
1905 3818 1981 3864 non
2002 3795 2142 3882 dubito,

113 3891 182 3965 alii
205 3903 291 3962 suut
304 3892 434 3984 partim
451 3891 720 3977 imbecilliores,
745 3890 808 3986 qui
823 3891 997 3962 malorum
1019 3915 1106 3962 con·
1153 3897 1258 3968 etiam
1274 3897 1314 3966 in
1331 3895 1593 3989 irruptionibus
1607 3895 1769 3968 Tuscicia
1785 3883 2139 3970 Deum'servaturum

115 3993 310 4066 suetudine
338 3994 521 4068 interdum
544 3995 772 4068 abducuntur
799 3995 845 4066 ab
869 3995 1008 4078 officio,
1043 3996 1104 4064 sed
1152 4021 1226 4068 esse
1244 3998 1422 4070 studiosos
1445 4012 1479 4070 et
1497 3999 1590 4090 pios.
1639 3997 1690 4070 Ut
1705 3999 1859 4070 servavit
1873 3995 2080 4085 Danielem,
2105 4011 2141 4070 et

114 4110 241 4168 tamen
261 4097 455 4170 sanabiles:
488 4097 620 4189 partim
654 4120 739 4168 vero
766 4097 824 4169 vel
849 4097 1018 4189 superbia
1048 4097 1105 4171 vel
1148 4099 1285 4172 multos
1316 4101 1449 4171 similes
1475 4101 1516 4170 in
1539 4101 1645 4174 exilio
1668 4098 1903 4195 Babylonico.¹
1960 4097 2085 4190 Quare
2104 4113 2141 4171 et

113 4211 268 4272 naturae
283 4198 504 4272 immanitate
519 4201 568 4270 ita
583 4198 670 4284 feri,
695 4211 736 4272 ut
756 4199 851 4270 flecti
871 4201 916 4270 ad
936 4199 1105 4272 virtutem
1154 4201 1287 4294 publici
1305 4215 1339 4276 et
1354 4201 1461 4274 vestri
1480 4202 1631 4295 periculi
1647 4215 1756 4288 metu,
1782 4203 1822 4274 in
1839 4197 1907 4274 hoc
1922 4203 2066 4296 publico
2081 4202 2139 4274 lu·
2266 4263 2269 4274 .

113 4301 251 4376 nolint.
318 4295 398 4374 Eut
429 4301 599 4394 utrisque
631 4301 750 4392 legum
776 4325 892 4394 poena
922 4300 1104 4372 timendae
1152 4318 1212 4376 ctu
1235 4317 1270 4374 et
1291 4303 1470 4376 maesticia
1494 4318 1714 4396 temporum,
1739 4305 1932 4376 modestius
1952 4304 2080 4388 vivite,
2105 4313 2141 4372 et

113 4417 221 4486 sunt,
247 4417 367 4476 tamen
383 4427 479 4476 nunc
495 4401 763 4498 deCyclopibus
780 4397 963 4476 istianihil
978 4402 1105 4488 dicam,
1151 4407 1311 4492 statuite,
1336 4419 1370 4477 et
1393 4406 1580 4476 universae
1600 4403 1855 4498 Reipublicae,
1889 4421 1924 4477 et
1948 4403 2050 4474 vobis
2076 4427 2138 4474 vc·

111 4505 181 4602 qui
204 4519 245 4576 ut
268 4499 510 4601 Polyphemus
538 4507 632 4599 apud
657 4501 877 4592 Homerum,
909 4505 1103 4596 gloriosum
1151 4521 1259 4580 atram
1280 4507 1491 4579 modestiam
1515 4508 1739 4601 prolaturam
1760 4527 1845 4582 esse.
1897 4503 2054 4596 Quidam
2078 4527 2144 4596 pe,

111 4607 189 4678 sibi
210 4609 368 4695 ducunt,
400 4605 516 4679 Deum
540 4623 575 4678 et
595 4609 716 4678 omnia
741 4608 865 4678 divina
888 4621 923 4678 et
945 4603 1103 4678 humana
1151 4609 1265 4696 neris,
1297 4611 1444 4704 quidam
1474 4609 1743 4702 privilegiorum
1776 4621 1966 4702 praetextu
1991 4621 2139 4700 peccant

111 4711 198 4782 iura
215 4709 432 4781 ferocissime
453 4721 700 4796 contemnere,
726 4723 760 4781 et
773 4733 894 4795 ruere,
920 4735 991 4804 qua
1007 4701 1103 4794 coeci
1151 4711 1329 4784 licentius.
1386 4709 1552 4784 Refutari
1592 4706 1659 4782 hae
1700 4711 1853 4784 iniustae
1893 4707 2144 4802 persuasiones

110 4813 272 4904 impetus
294 4811 532 4905 cupiditatum
553 4811 711 4901 rapiunt.
771 4810 843 4884 Sed
873 4806 959 4882 haec
983 4835 1101 4880 rerum
1150 4814 1274 4886 multis
1294 4813 1411 4884 modis
1429 4827 1590 4906 possunt.
1650 4811 1721 4886 Sed
1743 4836 1839 4884 nunc
1860 4834 1968 4882 uuam
1997 4824 2140 4884 tautum

112 4929 264 5001 natura,
279 4913 372 4984 vices
388 4913 529 4987 aestatis
546 4928 580 4986 et
595 4907 751 5007 hyemis,
776 4937 816 4983 ac
838 4913 998 5008 reliquus
1012 4914 1101 4982 ordo
1151 4911 1336 4986 historiam
1358 4915 1534 5006 recitabo,
1569 4915 1609 4986 in
1631 4937 1700 5008 qua
1723 4913 1823 5004 gravi
1853 4913 1987 4985 iudicio
2012 4913 2139 5007 populi

110 5041 240 5088 rerum
253 5029 420 5106 testatur,
442 5039 515 5087 esse
529 5027 684 5110 mentem
701 5029 878 5086 aeternam
894 5009 1102 5089 architecta·
1149 5013 1324 5102 Romani,
1339 5017 1494 5088 insulsus
1511 5029 1711 5108 praetextus
1728 5015 1851 5087 delicti
1867 5015 2055 5086 damnatus
2071 5028 2135 5084 est.

112 5119 261 5206 tricem,
294 5121 506 5212 probantem
527 5117 638 5203 iusta,
670 5130 705 5188 et
727 5117 933 5208 punientem
959 5117 1103 5203 iniusta,
1149 5115 1783 5204 FuitAedilisHostiliusMancinus,
1809 5118 1873 5212 qui
1893 5131 2001 5190 noctu
2017 5115 2137 5186 ebrius

114 5235 155 5293 et
177 5235 362 5292 execratur
380 5222 518 5292 furores
543 5221 625 5290 illos
640 5215 849 5314 Cyclopicos
868 5233 1101 5290 contemneu-
1150 5220 1239 5292 adiit
1252 5222 1355 5290 aedes
1371 5219 1545 5291 Maniliae
1562 5217 1775 5302 meretricis,
1801 5219 1957 5313 postulat
1972 5242 2008 5288 se
2022 5218 2141 5288 intro-

110 5325 207 5396 tium
222 5323 358 5411 Deum,
382 5347 475 5418 quos
487 5322 632 5418 quidem
648 5335 741 5394 certa
762 5335 797 5393 et
810 5321 908 5393 fatali
922 5323 998 5413 lege
1021 5335 1102 5393 tan·
1149 5321 1262 5409 mitti,
1288 5321 1424 5394 familia
1442 5323 1539 5392 videt
1552 5321 1686 5392 ebriam
1704 5321 1845 5395 turbam
1861 5343 1947 5407 esse,
1968 5319 2139 5414 iubetque

2234 4201 2248 4238 1
