4884 5950
163 166 173 178 ’
264 165 337 309 ssa
762 225 1167 324 aucupamur
1199 225 1433 311 auarus
1465 193 1816 312 cancrosus.
2073 297 2080 304 .
2230 231 2304 311 aaa

267 410 313 480 od
329 408 506 477 deiterani
523 403 799 498 aeterni'patris,
818 405 914 475 ‘dans
931 407 1025 474 dona
1040 399 1262 476 bominibus.
1297 397 1383 480 'bus
1401 410 1644 482 testimonium
1659 411 1869 490 tribuimus,
1898 391 2035 500 semper
2055 395 2247 500 gubernet,
2274 389 2315 480 ee'

267 513 433 583 Pastores
450 523 484 579 et
499 506 681 579 Doctores.
735 505 816 576 Non
833 507 982 577 dubium
1003 520 1057 578 est
1077 507 1187 597 igitur
1207 531 1264 577 sa-
1316 513 1421 582 laciet
1436 537 1496 583 eos
1513 535 1594 584 vasa
1619 513 1901 597 misericordiae,
1925 523 1959 581 et
1981 533 2114 604 organa
2137 511 2307 583 salutaria

254 615 398 684 ''lutares
412 608 582 680 Doctores
598 609 807 680 vereafilio
823 607 889 679 Dei
906 609 1012 679 nobis
1028 610 1150 681 tribui.
1191 607 1261 680 Sed
1315 610 1388 685 suis
1406 616 1594 686 animabus
1610 631 1644 688 et
1660 617 1751 687 aliis.
1804 614 1900 686 Dixi.

186 748 192 758 ·
266 711 335 786 hos
355 712 464 783 sumit
487 735 530 780 er
553 723 655 780 coetu
680 709 913 797 discentium,
943 724 978 782 et
1000 712 1078 780 vult
1097 709 1262 781 accede're

269 828 427 888 nostram
450 812 676 898 electionem,
710 837 816 908 quam
840 813 915 904 ipse
938 815 1121 902 gubernat.
1174 811 1263 883 Vult

268 932 304 990 et
335 913 536 989 testimonia
564 915 609 984 de
639 914 803 1000 doctrina=
833 928 867 985 et
901 916 1062 986 moribus
1095 914 1262 1006 proferri,

269 1033 413 1113 propter
439 1041 528 1111 quae
548 1017 690 1088 additus
712 1031 762 1086 est
784 1018 993 1085 docentibus
1010 1015 1262 1102 cancellarius,
1328 997 1500 1126 Q
1842 1003 1845 1012 ¹
2134 999 2307 1126 'Q

266 1135 308 1192 ut
326 1119 446 1212 plnres
461 1131 577 1188 essent
596 1117 815 1210 inspectores
836 1119 1035 1188 studiorum
1058 1131 1092 1187 et
1108 1143 1263 1192 morum.

267 1224 355 1306 Ideo
373 1220 439 1290 tibi
454 1219 565 1289 offero
581 1213 647 1290 bos
664 1233 818 1313 quatuor
834 1221 947 1306 viros,
974 1244 1127 1314 quorum
1142 1221 1265 1290 erudi·
1475 1201 1627 1316 Leged
1654 1200 1945 1290 Academiae
1960 1201 2137 1290 'With

269 1324 423 1408 tionem,
449 1321 708 1392 confessionem
736 1334 772 1391 et
791 1345 907 1392 mores
936 1323 1081 1414 probari
1102 1321 1263 1393 Lectori-

1389 1363 1600 1420 Melentbonem
1625 1362 1697 1436 leges
1723 1363 1890 1418 Academiae
1912 1360 2033 1416 witot.
2060 1371 2087 1416 et
2109 1373 2207 1417 statute
2231 1382 2306 1418 enno

268 1428 335 1498 bus
350 1439 476 1496 notum
492 1436 555 1498 est.
589 1422 659 1494 Sed
676 1423 841 1493 volumus
856 1423 960 1496 etiam
974 1437 1074 1494 tuum
1091 1423 1263 1498 iudicium
1399 1479 1402 1489 ,
1422 1435 1499 1490 asts.
1519 1436 1620 1488 trorum
1641 1433 1804 1500 coenosos,
1822 1433 1880 1503 tpoe
1896 1440 2009 1486 cosroen·
2028 1441 2069 1485 ea
2088 1433 2116 1486 to
2130 1431 2254 1503 optorotto
2273 1433 2309 1488 oa

268 1541 304 1598 et
317 1527 542 1598 autoritatem
559 1528 735 1599 accedere.
786 1521 834 1596 Et
857 1527 887 1596 si
907 1540 1078 1616 congruet
1103 1527 1266 1596 tuumde
1421 1573 1626 1630 mmm
1662 1569 2217 1651 naitonumtostogoraioiooootpnoe

246 1628 318 1700 '‘alfl
339 1628 532 1707 iudicium,
559 1651 640 1696 cum
659 1641 802 1710 nostro,
828 1641 868 1698 ut
890 1651 1015 1719 Spero,
1040 1641 1121 1719 pelo
1140 1641 1181 1698 ui
1199 1627 1267 1699 lrl-
1472 1655 1663 1729 „Academiae
1678 1653 1938 1726 Witteobergensis
1952 1655 2051 1723 Leges,
2071 1671 2141 1725 quae
2159 1655 2200 1709 bie
2219 1662 2306 1725 quot-

268 1732 358 1802 boas
380 1729 431 1798 eis
453 1741 661 1821 potestatem
683 1751 745 1799 seu
766 1729 943 1799 licentiam
967 1729 1162 1821 accipiendi
1187 1750 1267 1819 gra·
1471 1726 1553 1780 ³⁰³⁵·
1567 1725 1676 1794 palatios
1689 1726 1850 1782 recinatur.
1870 1722 2085 1796 Wesenbergeo
2097 1722 2307 1782 damnvm·

271 1834 359 1951 dum
373 1827 569 1951 Doctorum
587 1825 816 1921 Theologiae.
839 1932 850 1950 0
868 1829 999 1950 l'recor
1016 1847 1131 1950 autern
1154 1831 1266 1900 fillum
1422 1795 1648 1934 Pooiriioi'voro
1663 1866 1739 1947 terei
1758 1851 1924 1932 Academiae
1936 1886 1963 1931 ec
1975 1886 2076 1944 sarpa·
2087 1873 2309 1950 nonogenes·

268 1931 357 2017 Det,
381 1957 444 2026 qur
468 1947 602 2025 rnqurt:
632 1929 710 2024 Ego
725 1948 916 2020 sumvrtrs,
936 1957 1000 2002 vos
1017 1933 1199 2026 palmites,
1227 1945 1268 2002 ut
1422 1949 1550 2018 tegomm
1572 1955 1600 2002 et
1622 1945 1852 2018 Philosophorum
1879 1945 2007 2016 tegamur
2031 1947 2167 2001 odanto
2191 1947 2309 2016 sertorio

271 2058 338 2104 nos
352 2056 476 2104 omnes
501 2034 695 2123 gubernet,
716 2049 751 2104 ct
772 2035 894 2122 iaciat,
921 2048 962 2108 ut
979 2035 1268 2128 simus‘palmites
1423 2016 1601 2142 ffilssiffifi
1616 2015 1792 2140 {wlff-e
1795 2013 2017 2140 giumda!
2020 2026 2055 2138 r‘i
2061 2014 2312 2139 [132ἷᾶἰῦᾋῦῠῇ

272 2137 441 2210 foecundi
458 2136 525 2228 ipsi
541 2133 653 2208 lucillo
709 2133 808 2207 Dixi·
1198 2197 1199 2200 ,
1419 2153 1448 2209 in
1467 2107 1591 2226 Sceiptisa
1604 2125 1682 2224 publ.
1698 2163 1725 2208 et
1744 2154 1778 2208 ed
1794 2151 1883 2207 Peael.
1897 2103 2032 2208 'oooiioir
2052 2155 2085 2210 sd
2106 2122 2225 2212 verbnm
2232 2104 2311 2222 :1¹3

1421 2223 1511 2280 lernae
1526 2229 1621 2292 legum
1632 2222 1725 2293 seed,
1735 2237 1806 2293 qaae
1820 2239 1895 2276 enno
1911 2222 1985 2278 asts.
1992 2224 2106 2294 prodiit,
2118 2225 2239 2280 multum
2251 2223 2309 2278 dii-

1423 2291 1479 2347 iert
1495 2311 1510 2346 e
1528 2293 1636 2366 locrus,
1660 2309 1730 2363 quse
1752 2291 1781 2344 in
1799 2287 1915 2362 Scriptis
1940 2300 1967 2344 et
1985 2292 2056 2366 apud
2077 2290 2217 2346 Pereliurn
2236 2311 2311 2346 con-

528 2377 707 2467 mmo
734 2377 1012 2453 reomau
1323 2451 1327 2469 .
1423 2363 1552 2502 :aaa
1569 2357 2157 2500 aesta,uastissimattat
2176 2359 2311 2486 terat:

376 2535 410 2606 V
507 2537 616 2556 ...
709 2545 717 2574 Ἴ.
1258 2543 1267 2562 ,
1425 2499 1512 2575 leges,
1531 2511 1562 2554 ut
1580 2497 1641 2553 ilice
1658 2515 1685 2554 ι.
1703 2497 1779 2554 teto.
1798 2497 1951 2568 publicatae
1968 2506 2049 2566 suut,
2075 2503 2172 2571 partlm
2191 2500 2256 2570 quie
2275 2501 2312 2556 de

412 2550 617 2609 orusumma
631 2535 796 2611 canones
809 2536 879 2612 hoc
894 2555 1097 2628 sanxerunt,
1121 2556 1163 2613 ur
1177 2541 1269 2612 mlh
1423 2570 1465 2624 u·
1484 2580 1560 2626 ooo
1577 2569 1695 2630 naon..
1718 2583 1763 2620 o·
1781 2586 1797 2621 o
1815 2564 1994 2620 masona-ooo
2012 2567 2129 2640 eoam
2146 2587 2216 2628 ooo.
2240 2585 2313 2639 ooo-

271 2641 546 2737 praeficerentur,
560 2635 749 2728 Ecclesiis,
775 2643 837 2738 qui
862 2667 938 2713 non
954 2659 1057 2715 antea
1076 2658 1171 2716 certo
1187 2667 1268 2736 spa-
1423 2639 1473 2692 ¹¹⁰¹
1494 2639 1557 2708 qun
1575 2635 1700 2706 tironos,
1724 2633 1754 2688 ⁵¹¹
1773 2653 1829 2705 φο
1846 2637 1934 2690 odisse
1957 2643 2035 2700 ⁸⁸³¹·
2059 2649 2100 2691 ⁸³¹
2118 2639 2147 2691 to
2166 2637 2242 2692 tisri·
2260 2655 2311 2694 n·

272 2745 329 2817 eiu
344 2743 569 2834 temporisiu
585 2737 832 2816 Ecclesiastico
848 2747 975 2816 ordine
992 2747 1153 2819 luissent·

294 2886 298 2900 .
373 2841 501 2917 Voluit
516 2844 657 2937 sapiens
671 2859 826 2920 vetustae
840 2848 904 2918 diu
921 2862 989 2920 eta
1007 2849 1131 2920 multis
1146 2849 1269 2948 explo-
1550 2843 1612 2900 πί·
1629 2843 1730 2913 artam
1749 2841 1863 2898 erlem·
1899 2841 1930 2896 ¹¹¹
1952 2861 1987 2897 ²⁰
2008 2861 2075 2898 voro
2093 2844 2217 2900 veruto·
2237 2845 2311 2900 had

271 2945 345 3020 mi
369 2945 607 3018 ‘tndilimm
632 2961 666 3020 ‘t
687 2949 853 3043 Pietatem
876 2975 1019 3038 emme
1045 2951 1108 3045 ‘ini
1126 2951 1268 3050 Piaesu‘
1423 2985 1475 3059 ptis
1488 2983 1606 3058 publicis
1621 2983 1723 3046 bausit,
1744 2980 1874 3053 scriptam
1888 2979 2033 3036 arbitratus
2050 2991 2091 3036 est
2104 3000 2179 3036 enno
2194 2981 2274 3038 1584.

272 3049 346 3122 turi
363 3061 465 3118 erant
477 3046 657 3119 Ecclesiis.
1210 3077 1214 3088 ·

376 3147 466 3220 lude
480 3150 519 3218 in
534 3147 736 3222 Academiis
750 3166 832 3224 sunt
846 3157 1020 3244 graduum
1037 3169 1209 3246 tempora,
1233 3167 1266 3224 et
1320 3093 1445 3246 Lepos
1464 3143 1694 3220 Academiae
1711 3137 2083 3237 Wesenberpenstsde
2103 3141 2243 3217 studiis
2270 3151 2313 3217 ei
2437 3209 2438 3216 ,

273 3250 381 3322 multi
401 3252 538 3322 iudices
553 3249 787 3335 adhibentur,
813 3251 1040 3346 Etcollegiis
1062 3257 1266 3328 docentium
1604 3243 1770 3320 moretm
1796 3241 2027 3316 auditorum.

272 3352 462 3426 adiunctus
483 3366 535 3424 est
555 3350 816 3442 Cancellarios‚
848 3378 953 3450 quem
977 3357 1092 3430 voluit
1114 3369 1268 3429 vetustas

205 3533 210 3540 ,
274 3455 511 3546 inspectorem
526 3477 601 3524 esse
614 3456 815 3530 studiorum
829 3457 869 3527 in
884 3460 1049 3531 universa
1063 3457 1268 3545 Academia,
1359 3481 1364 3496 ’

275 3570 311 3629 et
326 3556 437 3627 veluti
454 3580 645 3632 censorem.
1321 3537 1420 3626 Cum
1445 3547 1484 3616 in
1510 3545 1672 3640 quolibet
1699 3545 1792 3616 ritae
1817 3545 1930 3635 gradu
1951 3541 2070 3636 prima
2098 3539 2310 3612 deliberatio

290 3692 292 3701 ·
375 3654 496 3752 Atque
518 3658 656 3730 utinam
684 3661 788 3746 uobis
816 3663 937 3756 plures
967 3663 1127 3734 adiuncti
1153 3669 1269 3734 essent
1321 3677 1394 3726 esse
1410 3651 1558 3732 debeat,
1583 3673 1630 3717 an
1647 3647 1740 3718 vitae
1756 3671 1867 3736 genus
1884 3648 1980 3740 qu⁰d
1997 3639 2311 3735 indredlmutllw

275 3758 348 3830 viri
368 3761 465 3830 docti
485 3775 520 3831 et
543 3761 613 3852 pii,
638 3763 702 3856 qui
724 3765 838 3836 studia
854 3766 968 3842 nostri
984 3780 1105 3838 coetus
1120 3766 1269 3836 adiuva·
1320 3759 1473 3851 placeat,
1497 3763 1576 3820 uta
1600 3748 1678 3821 Deo
1704 3750 1875 3820 auxilium
1898 3748 1969 3842 peti
1992 3746 2122 3841 possit:
2147 3743 2313 3816 Primum

275 3874 357 3932 seut
373 3875 408 3932 et
426 3861 650 3954 inspicerent.
701 3863 773 3938 Sed
797 3862 865 3938 buc
886 3865 1268 3961 temporeCaucellarii
1322 3861 1435 3931 sciant
1455 3853 1606 3926 studiosi
1628 3857 1834 3922 mandatum
1851 3849 1918 3921 Dei
1941 3873 2034 3935 esse,
2057 3862 2100 3920 ut
2124 3869 2315 3918 conserve-

277 3963 512 4054 rices'geruut
527 3963 672 4058 Decani.
1127 3967 1129 3972 '
1323 3977 1383 4032 tur
1406 3959 1587 4041 doctrina,
1619 3955 1658 4023 in
1681 3979 1751 4048 qua
1775 3977 1811 4024 se
1836 3953 1931 4024 Deus
1956 3961 2038 4022 vere
2059 3949 2240 4044 patefecit,
2274 3963 2313 4022 et

289 4113 293 4120 -
377 4064 470 4138 Cum
486 4080 603 4139 eutem
620 4091 683 4159 ego
699 4083 733 4142 et
748 4071 902 4163 collegae
916 4071 987 4142 mei
1008 4063 1075 4141 hos
1090 4073 1213 4142 dectus
1234 4085 1273 4143 et
1325 4085 1387 4155 per
1410 4083 1517 4153 quam
1544 4069 1648 4127 vocat
1676 4071 1711 4126 et
1741 4055 1878 4147 colligit
1900 4068 2080 4125 aeternam
2104 4047 2315 4122 Ecclesiam.

276 4165 356 4260 pios
368 4166 464 4236 vicos
478 4169 732 4264 audiverimus,
760 4167 924 4244 Paulum
940 4169 1116 4258 Emeum,
1144 4169 1270 4243 Erus.
1325 4165 1366 4236 ld
1382 4163 1459 4233 sine
1473 4159 1658 4231 literarum
1675 4157 1877 4250 cognitione
1890 4157 1968 4226 fieri
1982 4180 2056 4228 uon
2070 4167 2197 4248 potest.
2225 4151 2313 4228 luco

276 4291 378 4340 mum
390 4259 565 4356 Laetum,
587 4265 796 4346 Iohannem
806 4265 1038 4371 Cogelerum,
1063 4265 1270 4346 etPaulum
1323 4267 1479 4360 primum
1507 4263 1646 4334 discant
1668 4261 1820 4333 studiosi
1844 4255 1938 4330 banc
1962 4259 2129 4344 militiam
2148 4254 2312 4327 discendi

278 4360 481 4456 Grelh'um,
504 4385 538 4441 et
559 4375 752 4466 probemus
768 4403 890 4450 eorum
914 4378 1170 4464 eruditionem,
1191 4401 1274 4447 mo.
1325 4371 1444 4439 literas
1460 4363 1537 4436 Deo
1552 4366 1710 4456 placere,
1730 4377 1765 4436 et
1780 4366 1825 4434 ad
1843 4359 1939 4433 bunc
1955 4363 2062 4432 linem
2077 4360 2234 4430 referant
2247 4381 2311 4430 sua

278 4497 335 4543 res
352 4485 386 4543 et
399 4473 494 4565 piam
511 4477 778 4566 confessionem,
804 4505 867 4570 ego
884 4482 1090 4566 autoritate,
1116 4505 1185 4574 qua
1202 4473 1271 4548 boc
1324 4469 1459 4553 studia,
1479 4483 1520 4538 ut
1534 4465 1631 4538 Deus
1647 4467 1860 4549 celebretur,
1885 4479 1923 4534 et
1934 4461 2098 4535 doctrina
2112 4457 2317 4552 Evangelii,

279 4573 440 4668 te'mpore
457 4574 605 4666 fungor,
633 4579 752 4652 iudico
768 4584 894 4672 dignos
915 4607 989 4654 esse
1004 4577 1201 4652 honorifico
1219 4593 1272 4650 te·
1325 4590 1359 4646 et
1376 4571 1466 4642 aliae
1491 4583 1583 4640 artes
1606 4569 1712 4650 utiles
1734 4565 1929 4651 Ecclesiae,
1953 4579 1988 4638 et
2010 4563 2196 4636 communi
2220 4563 2318 4636 vitae

199 4751 203 4760 ,
277 4676 464 4763 elimonio,
497 4694 532 4749 et
555 4681 676 4752 tribuo
698 4683 749 4752 eis
776 4685 974 4768 licentiam,
1007 4695 1042 4752 et
1063 4695 1270 4776 potestatem
1325 4685 1598 4756 conserventur,
1630 4683 1664 4740 et
1686 4695 1705 4739 a
1728 4668 1804 4740 Deo
1826 4669 2000 4740 auxilium
2023 4682 2060 4740 et
2080 4666 2320 4756 gubernacio-

229 4851 236 4856 .
279 4777 474 4867 accipiendi
507 4781 655 4872 gaudina
690 4798 724 4854 et
757 4799 965 4857 ornamenta
999 4785 1197 4860 Doctorum
1232 4785 1271 4854 in
1324 4801 1405 4850 nem
1420 4787 1552 4867 petant.
1602 4770 1694 4864 Nam
1716 4772 1754 4840 in
1777 4785 1874 4844 taum
1897 4765 2076 4842 bremense
2097 4769 2319 4840 mentisim-

280 4871 489 4970 Theplogia.
590 4955 600 4974 ‚
1073 4901 1079 4910 ·
1237 4931 1241 4938 ,
1324 4878 1535 4958 becillitate,
1559 4887 1602 4946 ut
1623 4873 1753 4972 iudicia
1771 4885 1866 4944 recta
1882 4874 1974 4960 sint,
1991 4887 2028 4944 et
2041 4869 2320 4943 studiaetcou-

1754 3399 1892 3468 l'rlme.

289 5058 296 5073 ‚
342 4973 348 4987 ’
384 4977 467 5051 Scio
491 4997 608 5055 autem
634 4981 715 5056 r'ere
738 4973 854 5058 ablio
869 4985 939 5059 Dei
962 4989 1105 5062 sedente
1123 4990 1168 5060 ad
1187 4991 1274 5060 dex·
1323 4978 1578 5058 siliafoelicia,
1605 4973 2120 5067 opusestDeogobernetore.
2171 4971 2321 5064 Sicigi-
2432 5047 2433 5054 ,

280 5095 371 5153 tram
394 5085 528 5151 aeterni
544 5085 659 5158 Patris
680 5089 756 5159 dari
778 5091 872 5162 dona
892 5087 1091 5179 Ecclesiae,
1111 5091 1273 5163 Pastores
1324 5099 1383 5155 tur
1406 5075 1577 5151 inchoent
1591 5078 1708 5149 studia
1725 5077 1806 5170 piae
1823 5091 1978 5164 mentes,
2002 5091 2045 5148 ut
2057 5073 2122 5147 bas
2138 5079 2323 5168 precatio-

280 5199 316 5255 et
331 5182 513 5292 Doctores.
555 5185 625 5260 Sed
639 5185 705 5261 hos
720 5193 828 5264 sumit
845 5217 885 5263 ex
902 5187 970 5279 bis,
997 5195 1060 5292 qui
1074 5195 1271 5264 doctrinam
1323 5207 1387 5255 nes
1411 5196 1573 5276 repetant
1595 5179 1752 5252 assidue:
1784 5179 1854 5252 Fac
1878 5205 1959 5252 cum
1982 5202 2085 5250 serve
2107 5191 2172 5247 tuo
2187 5200 2323 5248 secun-

212 5356 224 5376 ,
281 5285 442 5370 discunt,
468 5303 662 5380 quemtoto
684 5309 827 5386 pectore
845 5321 928 5382 oro,
956 5309 996 5367 ut
1020 5297 1210 5366 clementer
1233 5294 1272 5361 in
1324 5291 1409 5359 dum
1433 5283 1716 5354 misericordiam
1736 5296 1852 5366 tuam,
1886 5297 1921 5354 et
1945 5279 2213 5373 iustificationes
2237 5293 2319 5351 tua's

279 5382 338 5460 his
350 5389 555 5480 regionibus
572 5407 685 5464 servet
699 5393 893 5469 Ecclesiam
910 5423 1024 5486 suam,
1045 5413 1081 5470 et
1095 5394 1171 5486 hos,
1192 5397 1274 5492 qui·-
1323 5393 1410 5462 doce
1426 5411 1493 5456 me.

1421 2708 1542 2764 rissimis.
1565 2707 1722 2788 ⁴Caeterum
1736 2704 1834 2787 pegeri
1854 2723 1912 2760 uon
1929 2715 2016 2776 potest
2030 2705 2118 2788 ‘etiam
2132 2707 2252 2762 formem
2267 2708 2312 2761 le-
2386 2737 2395 2758 o

1422 2789 1588 2903 magnam
1600 2776 1628 2827 in
1641 2774 1758 2844 Scrcptrs
1770 2773 1846 2843 publ.
1858 2777 1941 2844 (quse
1957 2773 2120 2843 prodterunt
2134 2793 2209 2830 enno
2220 2775 2312 2844 1860.)
2438 2831 2439 2846 ,

1423 1505 1542 1560 liberum
1556 1505 1583 1558 d.
1597 1505 1624 1560 d.
1637 1503 1680 1560 13.
1696 1502 1785 1560 Deci.
1802 1503 1876 1558 sset.
1891 1511 1917 1556 et
1935 1501 1968 1554 ed
1978 1500 2228 1573 baumgartnerum
2241 1502 2310 1560 dd.
2415 1538 2422 1546 .

1423 2916 1504 2972 dubie
1523 2917 1640 2982 erravit,
1659 2913 1732 2984 quod
1745 2911 1817 2966 banc
1835 2911 1951 2966 iormam
1967 2913 2074 2982 legum,
2094 2931 2219 2986 quanter
2234 2911 2313 2968 Scri·
2438 2921 2439 2936 *

2431 5289 2432 5316 l

2428 5477 2431 5500 t
