4896 5974
151 184 246 301 ers
301 195 313 220 ν

150 361 219 433 llte
236 373 353 456 potest
370 321 509 456 semper¹
523 363 645 436 dubiis
658 379 863 442 succurrere
876 361 1002 449 rebus,
1150 363 1157 372 “

203 465 307 558 lsquc
323 465 427 544 malis
443 467 559 544 victos
572 468 696 538 cedere
710 467 825 538 nescit
839 461 959 554 homo.

150 564 289 659 Impius
302 590 415 660 usque
432 567 514 638 licet
530 569 693 640 coelestia
710 568 858 640 numina
877 568 1007 658 culpet,

200 667 307 740 Dicat
322 682 358 740 et
373 669 486 740 iratus
496 663 534 764 *)
551 671 665 760 iurgia
682 671 795 740 multa
810 670 900 741 Deo.

147 769 230 858 Non
246 771 472 868 impunesdir'r
487 785 606 842 tamar
625 767 691 842 hoc
705 773 790 857 erit,
814 769 925 864 impia
939 768 1083 840 tandem

197 871 322 945 Turba
337 896 461 966 graves
476 887 607 970 poenas
622 875 905 968 suppliciumque
921 873 1005 944 luet.

786 1235 795 1264 Ι
909 1267 914 1277 .
952 1295 1016 1375 (arr.
1031 1290 1141 1374 1526.)

157 1285 328 1414 ea.
960 1379 1132 1416 ψ..

215 1499 247 1554 ln
262 1499 476 1572 lamq.Secerii
491 1503 560 1572 etin
610 1525 637 1580 p.
649 1503 718 1567 Met.
731 1505 811 1570 Besil.
830 1505 864 1564 T.
875 1504 909 1562 V.
928 1525 955 1579 p.
965 1507 1024 1565 845.
1066 1507 1139 1559 Item

247 1570 320 1641 apud
337 1571 463 1631 Vincerat.
474 1575 551 1644 pn.
587 1524 676 1630 daiam
687 1575 846 1630 adiunctum
894 1574 989 1630 istolue
999 1575 1033 1628 ad
1047 1575 1140 1630 Theo·

246 1636 325 1711 logos
340 1637 369 1694 Li
389 1641 507 1713 sieuses,
523 1643 601 1700 datae
615 1645 697 1698 nouis
708 1645 866 1702 ortuense
891 1684 900 1716 ,
919 1663 1000 1718 quem
1016 1645 1076 1700 side
1088 1661 1139 1698 suu

248 1708 323 1763 loco.
386 1709 490 1764 edimus
510 1711 556 1768 hie
574 1722 692 1782 testum,
717 1711 791 1767 utin
808 1713 1140 1786 epistolesdTheologos

195 1791 205 1808 ⁸
246 1775 350 1852 Lipm
364 1779 539 1836 Melanthoue
549 1784 609 1855 ipsu
623 1781 742 1854 scriptus
754 1783 815 1836 tuit.

364 1921 505 2029 ecam.
530 1947 719 2033 errare
747 1952 817 2056 [e.
835 1949 924 2054 aa]

33 2125 38 2134 ·
146 2102 295 2197 Exiguis
311 2095 410 2194 addit
426 2109 519 2177 vires
535 2109 725 2181 concordia
740 2111 858 2196 rebus,
935 2099 942 2112 ’

197 2205 246 2278 Et
262 2209 353 2278 male
369 2205 547 2304 quassatas
563 2209 663 2280 fulcit
681 2225 713 2282 et
730 2226 832 2300 auget
847 2208 985 2308 opes¹).

146 2309 267 2404 thue
281 2313 485 2394 seniscelso
502 2314 679 2384 manantia
696 2313 825 2384 vertice
842 2313 986 2398 Aeonis,

198 2411 364 2484 Deiectus
378 2409 412 2508 ²)
429 2427 525 2484 artus
540 2412 696 2484 balsama
713 2415 809 2505 larga
824 2415 953 2506 rigant.

147 2513 231 2586 Sive
245 2516 330 2586 satis
346 2529 385 2586 nt
402 2518 473 2586 vita
491 2517 585 2588 redit
599 2520 684 2586 dnm
700 2515 816 2588 Sirius
833 2542 935 2608 agros

198 2616 347 2703 Torret,
372 2619 402 2688 si
418 2619 535 2710 gelido
552 2642 634 2690 rore
648 2621 826 2690 madescat
838 2617 870 2713 ⁸)
888 2617 1027 2692 humus.

148 2717 207 2790 Sic
223 2721 287 2789 ubi
303 2737 387 2792 sunt
403 2746 515 2814 aequo
532 2722 683 2791 sociatae
699 2723 840 2792 loedere
858 2737 1002 2809 mentes,

198 2821 359 2918 Fidaqoe
374 2823 572 2892 communis
587 2837 727 2915 pectore
745 2823 860 2895 iun'xit
877 2849 988 2906 amor,

150 2921 326 2996 Virtutem
343 2923 438 2994 Deus
453 2925 603 3016 aspirat,
631 2925 838 3020 placidoque
853 2927 974 2996 lavore

198 3025 358 3098 Adiuvat
372 3023 406 3118 ⁴)
422 3041 457 3098 et
473 3027 565 3098 vitae
580 3041 704 3098 cuncta
721 3027 850 3117 pericla
868 3030 966 3116 regit.

646 3163 650 3170 -
666 3124 798 3220 Philip.
816 3124 1087 3201 Melanchtlron.

1026 3360 1141 3376 -ῳ

151 3489 298 3655 &ff

921 3523 987 3617 (ιι.
1002 3529 1096 3593 1526.
1105 3526 1122 3591 ?
1124 3536 1140 3610 )

921 3620 1134 3656 Μ

219 3739 249 3796 lu
269 3741 368 3863 laqrsg.
381 3743 476 3866 1Sosqcer.
492 3753 518 3800 et
533 3743 562 3798 in
573 3759 638 3816 opp.
650 3697 732 3802 ltasit.
744 3740 777 3796 T.
789 3739 820 3796 V.
839 3757 866 3810 p.
875 3739 938 3798 357.
975 3697 1058 3812 dpud
1072 3741 1139 3796 Vio-

251 3831 324 3868 σευ.
343 3832 370 3881 p.
432 3853 439 3870 .

222 3989 284 4060 De
305 3987 585 4062 adolescentiae
604 3991 845 4062 institutione
866 3996 906 4059 et
926 3985 1063 4062 stadio.

152 4137 194 4208 lu
210 4139 337 4210 ludum
355 4139 500 4233 quidam
517 4151 663 4230 gnatum
680 4139 865 4233 ducitque,
889 4139 1058 4235 iubetque

201 4240 251 4314 Ut
268 4243 360 4312 vitae
376 4243 505 4312 melius
521 4242 655 4310 discere
671 4255 783 4314 tentet
797 4241 876 4316 iter.

152 4338 199 4414 Et
213 4342 339 4434 primis
356 4357 455 4436 pater
469 4343 654 4434 ingenium
670 4343 799 4435 puerili
814 4345 880 4414 sub
895 4343 1011 4427 annis,

199 4441 247 4516 Et
262 4447 351 4516 rude
365 4448 450 4515 dom
466 4459 589 4536 pectus
602 4459 696 4516 recta
711 4447 836 4516 docere
851 4458 962 4538 paret.

153 4545 231 4635 Qua
247 4571 357 4640 puero
374 4549 451 4617 fore
467 4549 573 4617 ducat
588 4569 677 4638 opus
694 4571 750 4633 rc,
774 4549 866 4636 forte
882 4543 1088 4636 magistrum

202 4647 374 4740 Quaerit,
397 4662 440 4720 ‘at
466 4648 546 4735 ille,
578 4673 667 4742 opns
690 4663 745 4719 est
766 4663 902 4729 mente,
936 4649 1003 4734 ait,
1036 4661 1140 4741 atque

662 4749 765 4844 stylo.

184 4971 213 5042 ¹⁸>
231 4971 472 5044 [recusauerim
483 4972 567 5032 Basil.

183 5094 210 5161 l)
227 5089 265 5145 a
277 5095 353 5146 male
367 5095 430 5156 eta]
445 5089 526 5146 Vluc.
543 5091 582 5146 ta
592 5092 719 5143 cumulas
732 5090 856 5146 modicas
866 5100 953 5160 atque
963 5099 1057 5145 tuetur
1066 5103 1144 5158 opes.

189 5181 217 5248 2)
235 5177 297 5232 Bas.
309 5187 336 5232 et
350 5177 411 5232 Sec.
427 5175 582 5246 Confectus.
619 5177 698 5230 Vloc.
711 5173 853 5246 Infirmos.

186 5279 216 5350 8)
237 5279 479 5336 virmandensi.

185 5381 215 5448 t)
234 5379 376 5446 Adiuvat]
390 5377 452 5434 llus.
468 5385 495 5434 et
509 5377 591 5436 Vina.
605 5387 632 5436 et
645 5377 737 5440 Sacer.
751 5373 891 5432 auocata

156 5475 334 5581 lineares.
360 5471 466 5538 Orrn.
492 5471 578 5540 Ver..
602 5471 651 5540 X.

902 180 1441 283 qmmwnmne

2110 207 2189 294 ald

1989 377 2054 478 (au.
2070 383 2184 480 1526.)

2003 481 2185 512 Μ,

1261 561 1364 620 &cerii
1376 563 1475 638 lerraq.
1487 575 1514 621 et
1526 584 1589 640 opp.
1601 568 1662 624 Bas.
1682 569 1717 628 T.
1727 573 1759 629 V.
1776 591 1804 646 p·
1813 573 1875 632 337.
1912 577 2039 638 Vincent.
2056 603 2086 658 p.
2095 587 2153 645 tot.

1192 358 1341 488 Q,

1192 717 1354 797 Carmen
1382 733 1606 819 recitatam,
1641 751 1725 804 ema
1750 748 1974 813 crearentur
1998 745 2180 823 Doctores

1191 823 1425 920 medicinae,
1465 853 1642 922 opsecro,
1683 843 1727 905 at
1747 851 1925 932 mosset,
1961 847 2002 918 ia
2022 853 2180 926 solemni

1472 977 1477 988 ·
1522 941 1827 1013 renunciatione.

1191 1058 1266 1130 Nos
1281 1087 1422 1156 quoque
1439 1061 1613 1136 Paeonias
1630 1071 1727 1157 pueri
1746 1072 1968 1146 laudabimus
1984 1094 2088 1169 artes,

1192 1157 1294 1250 Quae
1311 1163 1446 1234 tristem
1464 1189 1483 1234 a
1500 1169 1604 1236 nobis
1619 1187 1768 1260 possunt
1784 1199 1902 1248 arcere
1914 1197 2109 1258 senectam:
2218 1237 2221 1244 -

1190 1261 1330 1334 Nostris
1344 1269 1418 1359 ipse
1435 1263 1553 1338 choris
1570 1271 1737 1344 inventor
1752 1277 2040 1373 gaudetAppllo,
2155 1301 2176 1364 ,’

1190 1361 1329 1436 Victori
1347 1369 1448 1466 pueri
1463 1385 1601 1462 gratum
1613 1371 1753 1449 Paeana
1771 1381 1959 1466 canebant,
2092 1367 2096 1381 ¹

1191 1463 1289 1542 Ilum
1305 1469 1395 1552 Delo
1413 1474 1558 1542 veniens
1573 1458 1878 1572 stravit'Pythona
1885 1485 2038 1574 sagittis.
2164 1547 2172 1566 .

1192 1565 1305 1641 Ardet
1322 1595 1405 1664 opes
1422 1573 1512 1644 alius
1526 1573 1666 1658 Croesi,
1694 1581 1844 1654 miratur
1859 1609 1985 1658 arenas
2085 1659 2093 1668 ,

1192 1671 1291 1761 Quas
1304 1671 1448 1744 Pactole
1464 1671 1581 1762 vehis,
1607 1679 1795 1776 studioque
1813 1689 1963 1759 senescit
1979 1686 2154 1782 habendi:

1189 1772 1239 1846 Et
1254 1775 1382 1846 misero
1400 1801 1523 1850 census
1540 1782 1694 1868 augendi
1711 1786 1820 1872 pallet
1838 1810 1973 1860 amore:
2144 1765 2154 1796 ³

1190 1875 1330 1966 Regum
1345 1887 1480 1970 sceptra
1497 1881 1558 1950 alii
1572 1883 1737 1970 laudant,
1762 1889 1939 1984 fascesque
1953 1887 2136 1985 superbos,

1073 2041 1076 2048 ,
1191 1977 1395 2073 Infidaeque
1410 1983 1534 2052 iuvant
1548 1984 1696 2054 miseros
1711 1988 1876 2080 suffragia
1892 1995 2014 2084 plebis,
2113 2045 2133 2060 „

1189 2079 1239 2154 Et
1252 2082 1342 2188 levis
1356 2084 1523 2172 ambitio,
1549 2087 1759 2182 perfusaque
1775 2091 1885 2180 gloria
1901 2096 1998 2167 fuco:

1149 2279 1152 2284 Ι
1190 2183 1283 2254 Sunt
1299 2185 1404 2266 etiam
1420 2188 1555 2261 ventris
1569 2189 1631 2282 qui
1646 2203 1785 2266 aarum
1803 2198 1931 2284 gaudia
1944 2215 2105 2286 noeane:

1189 2283 1359 2380 Denique
1369 2289 1535 2357 mortales
1552 2314 1626 2359 non
1640 2317 1714 2362 uno
1733 2318 1851 2365 errore
1868 2311 2046 2374 tenentur.

1189 2385 1313 2458 Foelix
1328 2389 1389 2456 ille
1406 2384 1496 2462 mihi
1510 2393 1605 2462 hona
1620 2393 1683 2486 qui
1700 2396 1846 2467 meliora
1861 2397 2032 2494 adquutus

1190 2485 1372 2559 Obscurus
1388 2514 1506 2560 rerum
1522 2517 1657 2579 causas,
1683 2497 1845 2591 viresque
1861 2493 1899 2596 *)
1918 2503 2074 2595 latentes,

1187 2589 1365 2662 Caelestes
1382 2594 1497 2682 ignes,
1525 2609 1563 2664 et-
1577 2597 1715 2668 conscia
1732 2599 1845 2670 sidera
1864 2603 1951 2688 fati,
2125 2591 2128 2600 ’

1190 2691 1362 2786 Quaeque
1377 2695 1470 2788 parit
1486 2695 1589 2768 tellus
1606 2723 1723 2768 rerum
1742 2703 1908 2772 miracula
1927 2701 2051 2794 cernit,

1190 2791 1456 2889 Aeternumque
1473 2797 1579 2868 decus
1596 2801 1735 2870 virtutis
1752 2806 1870 2888 novit,
1896 2831 2060 2904 opesque,
2097 2863 2109 2872 ..

1188 2893 1299 2966 Extra
1316 2899 1479 2968 fortunae
1496 2901 1626 2992 positas
1641 2906 1824 2976 temeraria
1844 2907 1931 2992 iura,
2081 2915 2100 2928 ’“

1190 2996 1334 3092 Quique
1349 3003 1453 3070 rudes
1469 2998 1654 3073 hominum
1671 3023 1803 3080 mentes
1817 3023 1850 3077 et
1869 3023 2007 3099 pectora
2023 3014 2152 3103 mulcet

1190 3101 1357 3190 Ingenio,
1383 3105 1525 3196 vitaque
1539 3107 1685 3176 modum
1704 3109 1928 3199 praescribit,
1952 3127 1987 3190 et
2001 3129 2109 3201 artes,

1189 3199 1237 3272 Et
1253 3205 1398 3274 morbos
1413 3205 1550 3280 ratione
1563 3208 1710 3298 lugens,
1736 3211 1877 3282 infirma
1893 3229 2015 3284 tuemr
2128 3240 2131 3251 ·

1189 3302 1367 3397 Corpora.
1385 3305 1479 3405 duni
1496 3309 1589 3378 vitae
1604 3311 1755 3401 fugienti
1773 3331 2078 3404 prorogatannos,
2136 3360 2141 3368 ·

1191 3405 1257 3476 llle
1273 3402 1363 3474 mihi
1379 3405 1476 3477 sblus
1491 3410 1629 3482 dicetur
1645 3415 1721 3482 iure
1738 3417 1871 3486 beatus.

1189 3505 1271 3578 Huc
1288 3509 1379 3598 agite
1394 3503 1485 3577 hanc
1502 3512 1654 3600 palmam
1672 3515 1816 3586 invenes
1834 3532 1967 3589 certare
1984 3545 2117 3612 parare,

1190 3607 1347 3679 Asserite
1365 3606 1427 3678 has
1441 3624 1590 3704 utraque
1605 3639 1714 3684 manu
1730 3641 1803 3684 nou
1820 3622 1972 3707 segniter
1987 3639 2089 3711 artes,

1185 3706 1323 3806 Ἰητρὸς
1337 3705 1523 3810 γὰριάνὴρ
1538 3718 1661 3785 nolles*
1662 3741 1685 3788 ν
1700 3711 1870 3799 ἀντάξιος
1884 3717 2018 3792 ἄλλων.

1260 4247 1291 4298 ln
1305 4243 1409 4300 Secerii
1419 4245 1518 4316 firrsq.
1532 4254 1559 4299 et
1572 4243 1601 4298 iu
1615 4261 1678 4316 opp.
1692 4243 1774 4300 Besil.
1790 4244 1823 4302 Τ.
1833 4245 1865 4302 V.
1885 4268 1913 4321 p.
1923 4250 1982 4308 852,
2019 4257 2101 4326 Apud
2115 4260 2179 4312 νῑῃ.

1292 4324 1363 4370 cent.
1380 4335 1407 4388 p.
1420 4318 1467 4369 tlt
1481 4333 1542 4386 sqq.

1206 4047 1273 4123 No.
1296 4049 1357 4122 74.

1197 4145 1369 4176 m

1259 4479 1305 4547 ln
1324 4477 1567 4572 mactatam,
1590 4472 1898 4565 proscindentem
1918 4489 2108 4555 mortuam

1573 4581 1798 4648 Haltenam.

1191 4709 1283 4784 Cum
1301 4713 1430 4783 laceret
1443 4712 1591 4782 miseros
1605 4713 1741 4782 crudeli
1757 4713 1912 4784 carmine
1927 4739 2057 4806 manes,

1150 4822 1153 4828 '
1244 4813 1383 4886 Nomen
1397 4813 1464 4918 erit
1477 4815 1617 4902 vultur,
1642 4838 1716 4884 non
1733 4809 1930 4894 Philomela
1946 4818 2023 4888 tibi.

1632 4969 1739 5036 Aliud.

1194 5079 1251 5154 sis
1270 5080 1377 5150 miser
1391 5093 1425 5150 et
1439 5079 1531 5151 nulli
1546 5079 1775 5164 miserabilis,
1800 5083 1921 5153 omnia
1937 5085 2098 5183 quisquis

1246 5179 1280 5254 A
1297 5181 1375 5252 Diis
1390 5206 1455 5274 pro
1472 5183 1599 5252 merito
1614 5181 1741 5277 cuique
1757 5183 1878 5254 venire
1897 5202 2007 5280 putas,

1230 5377 1258 5444 ι)
1277 5373 1339 5432 Bes.
1356 5385 1384 5432 et
1401 5375 1461 5434 Sec.
1478 5373 1610 5442 vicesque.

1508 5464 1559 5534 58
