4888 5962
272 213 348 288 nc
869 195 1288 298 Quausrmuus
1321 195 1721 277 renuentum.
2238 195 2318 272 ars

274 384 445 484 proliteri.
494 380 574 456 Res
587 403 672 475 ergo
688 377 839 474 quaerit,
865 401 912 447 an
927 377 1132 471 praedicere
1148 375 1274 468 possit,
1321 387 1356 444 et
1368 373 1598 466 propinquis:
1625 385 1661 444 et
1675 395 1750 442 non
1766 395 1785 440 a
1804 371 1917 444 causis
1931 369 2194 442 universalibus
2211 381 2248 440 et
2262 393 2320 440 re-

274 491 339 564 ubi
360 485 516 559 inferiis
536 476 808 555 illisPaschatis
832 481 975 551 iuturus
1000 479 1070 550 sit?
1093 475 1185 550 Cum
1211 477 1273 546 ille
1320 476 1439 548 motis.
1491 472 1541 548 Et
1554 488 1650 546 certe
1663 473 1799 545 curatio
1818 472 1986 570 requirit,
2012 486 2051 544 ut
2069 473 2225 544 remedia
2243 497 2321 542 ma-

275 589 412 664 nescire
439 612 477 660 se
507 585 671 666 dixisset,
703 583 754 655 ait
779 580 873 655 Rex:
915 580 1114 653 Videorne
1144 579 1275 651 certius
1321 577 1460 648 terialia
1476 574 1504 672 ¹)
1527 571 1760 647 adhibeamus
1783 576 1863 667 ipsi.
1915 571 2071 669 ldeoque
2093 575 2198 646 multi
2226 589 2322 660 sunt,

275 718 379 788 posse
397 687 583 763 divinare?
618 684 709 757 Nam
725 685 891 778 praedico
907 684 995 770 tibi,
1017 699 1052 754 te
1074 683 1114 752 in
1135 703 1275 754 carcere
1323 695 1357 751 et
1377 681 1523 750 luerunt
1543 692 1760 770 praestantes
1777 676 1915 748 Medici
1928 673 1983 772 ¹),
2012 691 2047 747 et
2071 677 2110 746 in
2132 673 2190 747 his
2211 678 2321 748 etiam

275 799 438 869 futurum
456 791 529 862 illis
543 789 680 864 diebus.
732 785 786 858 lta
803 787 911 857 miser
925 785 1117 856 coniicitur
1132 785 1175 854 in
1197 807 1277 854 car-
1322 783 1429 853 multi
1451 781 1556 876 periti
1572 775 1814 871 Astrologiae,
1839 779 1904 874 qui
1920 791 2040 850 tamen
2056 779 2096 848 in
2114 779 2322 854 iudicandis

277 923 410 983 cerem,
433 909 469 967 ct
486 905 606 984 postea
621 915 703 962 cum
725 889 941 960 contumelia
959 887 1163 960 dimittitur.
1215 885 1277 958 Sic
1324 899 1358 958 et
1373 883 1542 956 curandis
1564 883 1698 956 morbis
1714 907 1790 954 non
1811 877 2054 954 adhibuerunt
2068 879 2321 973 Astrologiam.

278 1002 461 1094 disputant
480 993 664 1091 Tyranni,
689 1015 764 1063 non
783 987 1006 1083 Philosophi.
1057 985 1134 1081 Ego
1158 1001 1275 1060 autern

278 1101 522 1199 quaestionem
553 1119 669 1166 meam
701 1097 746 1164 ad
768 1087 1010 1185 Philosophus
1039 1093 1179 1177 defero,
1215 1089 1277 1183 qui

279 1229 375 1292 cam,
397 1227 479 1274 cum
496 1199 564 1270 erit
580 1210 843 1291 opportunum,
871 1195 1110 1289 explicabunt.
1161 1191 1257 1267 Dixi.

1112 1533 1161 1576 sn.
1180 1509 1278 1574 1536.

983 1599 986 1604 ¹
1108 1601 1278 1628 m

291 1512 464 1638 Q

353 1707 386 1762 lu
402 1706 516 1777 Quaest.
536 1727 563 1778 p.
576 1705 646 1762 26¹³.
661 1725 703 1792 sq.
739 1706 807 1762 ltem
827 1704 855 1759 in
872 1704 938 1760 Mel.
957 1703 1061 1759 Cousil.
1079 1705 1114 1760 P.
1131 1707 1151 1762 l.
1164 1724 1200 1830 p.
1214 1705 1276 1760 268.

387 1779 517 1902 ἓοιιίἲςῶε
530 1775 697 1903 ἱηὲἑεεὴιυι
706 1777 791 1832 Riccii
801 1773 919 1832 Miscell.
935 1793 1074 1832 manuscr.
1085 1773 1115 1830 iu
1127 1794 1162 1832 co
1182 1774 1279 1831 .Gotb

417 1865 443 1904 o.
507 1863 556 1918 ,μ
630 1884 639 1902 .

285 2012 487 2096 ouoestior
537 2012 685 2081 Utrum.
703 2003 916 2099 Astrotopiu
950 2008 1002 2076 stt
1034 2003 1280 2102 odiunpcndo

284 2105 531 2184 Medicinae?
564 2111 764 2198 Proposita
791 2127 816 2176 u
843 2110 1024 2180 Ioanne
1045 2104 1280 2203 Reiffers-

285 2219 413 2287 stcta
446 2217 489 2284 ias
517 2212 752 2304 promotione
786 2211 965 2280 Doctoris
995 2213 1065 2283 Mt
1081 2212 1096 2282 t
1113 2215 1129 2283 s'
1144 2211 1196 2283 cte
1213 2215 1229 2282 i
1245 2215 1278 2301 s‘,

285 2314 389 2416 [llice.
404 2333 516 2400 '„oum
541 2329 789 2402 promoverentur
809 2314 959 2380 Doctores
985 2317 1162 2404 Milichius,
1187 2319 1280 2382 Chri-

285 2429 399 2489 stianus
420 2437 451 2485 et
470 2421 639 2484 Friderious
652 2410 800 2512 delr’'],
827 2437 888 2485 an.
912 2411 1184 2490 1536,d2'016,
1200 2419 1280 2489 ΝΟ.

716 2514 850 2589 vembr.

286 2656 409 2760 Saepe
434 2661 494 2736 hic
514 2663 651 2736 dictum
675 2676 746 2748 est,
772 2687 844 2756 quo
868 2661 1019 2734 consilio
1041 2660 1281 2736 adhibeantur

286 2769 396 2842 Pueri
418 2769 458 2838 iu
481 2761 538 2836 his
563 2764 772 2858 spectaculis
794 2765 1079 2855 promotionum,
1105 2767 1281 2854 videlicet,

289 2887 330 2946 ut
344 2870 467 2942 mirari
483 2865 549 2940 hos
564 2869 694 2960 gradus
710 2879 743 2938 et
759 2866 936 2959 suspicere
951 2891 991 2938 ac
1010 2869 1173 2940 venerari
1184 2882 1281 2940 'artes

289 2978 383 3070 ipsas
400 2972 585 3064 incipiant.
630 2965 722 3040 Cum
738 2983 857 3039 autem
872 2969 983 3060 magis
996 2969 1172 3062 intelligat
1188 2986 1282 3064 aetas

280 3065 413 3148 'nostra
437 3074 627 3146 utilitatem
649 3069 871 3152 Medicinae,
912 3092 1019 3166 quam
1042 3073 1194 3145 aliarum
1224 3098 1283 3144 ar-

290 3179 401 3265 tium,
425 3189 461 3246 et
482 3167 584 3268 saepe
606 3173 646 3242 in
669 3171 836 3266 periculis
857 3174 1035 3264 praesenti
1057 3173 1281 3246 Medicorum

290 3304 358 3372 ope
379 3279 563 3360 iuvemus,
586 3298 739 3368 aequum
764 3285 834 3358 est,
859 3297 925 3344 nos
946 3276 1132 3368 praecipue
1152 3271 1283 3348 honorr

291 3379 519 3456 Medicorum
535 3377 652 3446 lavere
666 3388 702 3446 et
715 3373 899 3448 inservire.
951 3377 1073 3468 Quare
1089 3404 1164 3449 raon
1188 3380 1283 3450 invi-

290 3499 348 3556 tus
369 3479 505 3573 suscepi
530 3471 593 3548 has
608 3489 743 3570 partes,
766 3489 807 3548 ut
826 3477 966 3570 publice
984 3504 1103 3550 meum
1124 3483 1283 3554 studium

293 3599 328 3658 ct
341 3583 595 3676 gratitudinem
612 3579 826 3652 declararem
846 3578 1157 3672 ergaProfessores
1170 3579 1283 3654 hone-

291 3687 463 3762 stissimae
482 3683 581 3756 artis.

393 3800 572 3872 Homerus
593 3797 660 3870 ait:
687 3795 755 3869 Vir
769 3795 933 3870 Medicus
948 3801 1071 3874 multis
1087 3803 1166 3874 aliis
1182 3827 1286 3896 prae-

292 3904 443 3978 stantior
459 3925 565 3974 unus.
615 3899 690 3972 Nec
704 3900 799 3970 leves
815 3925 940 3973 causae
961 3923 1063 3990 sunt,
1088 3931 1152 3978 cur
1166 3920 1285 3978 tanto-

292 4031 377 4100 pere
391 4005 553 4076 Medicos
567 4003 767 4098 laudaverit
783 4001 973 4078 Homerus.
1023 4005 1113 4078 Nam
1129 4009 1204 4100 ipsa
1222 4033 1286 4078 na-

295 4123 394 4182 turae
419 4105 591 4196 cognitio,
616 4129 723 4199 quaro
746 4127 803 4174 ars
825 4107 1093 4198 complectitur,
1119 4107 1287 4202 pulcher-

293 4211 384 4281 rima
402 4222 465 4278 est.
515 4205 653 4278 Deinde
666 4220 738 4277 tota
755 4229 811 4276 ars
832 4225 1033 4300 comparata
1050 4214 1160 4285 estad
1177 4214 1286 4284 bene-

292 4310 484 4384 ficentiam.
534 4306 719 4381 Postremo
734 4331 797 4398 ego
812 4305 881 4380 hoe
899 4313 1045 4383 nomine
1069 4315 1181 4406 magis
1205 4340 1285 4386 arno

292 4413 471 4498 Medicus,
503 4410 588 4505 quia
610 4405 862 4503 Philosophiae
877 4417 1148 4512 apossessionem
1177 4417 1287 4510 magis

295 4517 467 4600 retinent,
492 4515 531 4582 in
547 4513 627 4584 aliis
641 4514 921 4606 professionibus
936 4519 1097 4613 plerique
1113 4521 1227 4591 levius
1243 4524 1286 4590 de
1339 4571 1348 4588 .
1410 4571 1419 4587 .

295 4609 529 4708 Philosophia
543 4616 713 4690 sentiunt.
764 4615 915 4706 Propter
935 4614 998 4690 has
1012 4645 1133 4692 causas
1152 4623 1288 4714 praeci-

297 4743 367 4811 pue
381 4719 485 4790 nobis
499 4719 590 4790 duco
606 4719 777 4789 amandos
792 4733 826 4790 et
841 4719 1009 4793 colendos
1025 4747 1098 4794 esse
1115 4723 1287 4794 Medicus.

397 4835 565 4929 Propono
589 4835 699 4926 igitur
713 4839 972 4932 quaestionem:
1000 4838 1138 4914 Utrum
1154 4845 1289 4913 Astro-

300 4935 441 5032 logicoe
459 4937 728 5010 observationes
748 4939 893 5035 prosint
909 4937 1094 5029 Medicis,
1121 4939 1176 5014 ud
1190 4941 1290 5016 iudi-

300 5034 438 5110 candos
454 5037 619 5127 morbos,
645 5048 676 5110 et
694 5037 903 5114 curandos?

400 5155 562 5227 Primum
590 5159 686 5229 enim
716 5161 858 5235 videtur
878 5161 1043 5235 Medicus
1070 5190 1145 5237 non
1177 5163 1314 5251 iuvari}

301 5258 534 5351 Astrologicis
558 5263 887 5352 observationibus,
912 5266 995 5361 quia
1018 5267 1150 5340 iudicia
1174 5270 1206 5339 ei
1232 5257 1315 5366 ειη-ἱ
1406 5313 1535 5365 mendum
1549 5321 1599 5368 „q

1426 987 1584 1062 Ecoutra
1605 991 1762 1084 primum
1787 988 2016 1082 Hippocratis
2042 992 2218 1062 sententia
2243 1015 2322 1062 mo-

1325 1118 1421 1176 veor,
1447 1105 1488 1164 ut
1503 1093 1788 1164 observationem
1802 1105 1980 1162 astrorum
1992 1093 2159 1183 prodesse
2174 1092 2321 1164 Medico

1326 1197 1535 1268 existimem.
1587 1191 1677 1265 Nam
1704 1209 1740 1266 et
1760 1191 1996 1287 Hippocrates
2019 1193 2085 1282 ait,
2120 1196 2199 1269 Sub
2222 1197 2322 1266 caui-

1326 1300 1425 1370 culae
1439 1311 1557 1368 ortum
1575 1298 1790 1390 periculosas
1804 1319 1879 1367 csse
1893 1297 2156 1373 medicatioucs.
2191 1295 2241 1369 Et
2254 1299 2324 1369 tuit

1326 1401 1446 1493 magni
1463 1399 1622 1470 nominis
1636 1401 1794 1472 medicus
1811 1393 1977 1486 Diocles,
2003 1398 2067 1492 qui
2081 1395 2324 1492 Astrologiam

1326 1507 1371 1574 ad
1399 1501 1620 1573 Medicinam
1653 1501 1945 1577 accommodavit.
1996 1497 2045 1572 Et
2079 1517 2170 1575 estat
2203 1498 2324 1574 adhuc

1327 1618 1532 1697 excerptum
1560 1628 1600 1673 es
1629 1603 1742 1698 ipsius
1772 1603 1931 1696 scriptis,
1963 1603 2004 1672 in
2023 1629 2095 1700 quo
2123 1606 2324 1684 annotavit,

1327 1709 1391 1802 qui
1406 1711 1610 1800 adspectus,
1635 1707 1757 1802 quales
1772 1708 1935 1792 morbos,
1960 1707 2018 1776 vel
2033 1707 2147 1802 qualia
2160 1720 2323 1803 sympto-

1329 1823 1421 1880 rnata
1439 1808 1589 1901 pariant.
1624 1807 1794 1880 Testatur
1808 1823 1844 1881 ct
1859 1805 2032 1897 Galenus,
2056 1809 2159 1880 adfici
2171 1833 2322 1902 corpora

1328 1911 1565 1982 animantium
1581 1935 1602 1981 a
1621 1911 1757 1981 lumine
1778 1910 1941 1984 omnium
1957 1909 2195 1983 Planetarum.
2250 1909 2327 1982 lam

1329 2015 1360 2084 si
1372 2025 1521 2098 constat,
1547 2013 1701 2108 aliquam
1714 2035 1788 2084 esse
1804 2013 1876 2082 vim
1886 2009 2076 2086 Astrorum
2092 2016 2131 2084 in
2145 2013 2329 2088 mutandis

1330 2129 1520 2208 cor'porum
1546 2115 1858 2208 dispositionibus,
1890 2115 2069 2210 sequitur,
2102 2117 2327 2188 observatio-

1329 2243 1414 2289 nem
1429 2217 1564 2312 positus
1579 2215 1768 2290 Astrorum
1784 2218 1909 2290 utilem
1923 2241 1997 2290 esse
2014 2218 2171 2290 Medico.
2212 2218 2327 2313 Saepe

1330 2321 1427 2392 enim
1457 2341 1578 2390 causas
1607 2321 1864 2391 universalium
1894 2323 2134 2394 mutationum
2158 2323 2200 2392 in
2221 2317 2329 2408 Aere,

1330 2424 1511 2495 interdum
1531 2423 1638 2492 etiarn
1655 2446 1775 2493 causas
1797 2422 2065 2515 particularium
2083 2425 2326 2495 mutationum

1331 2525 1371 2595 in
1400 2547 1547 2615 corpore
1578 2538 1673 2597 certo
1703 2525 1911 2617 praevidere
1940 2539 2075 2618 potest,
2118 2527 2328 2620 pracsertim
2441 2555 2442 2620 j

1331 2651 1412 2698 curn
1442 2649 1545 2718 saepe
1575 2627 1739 2698 oriantur
1767 2626 1886 2696 morbi
1919 2629 2105 2720 praecipue
2139 2653 2181 2699 ex
2212 2630 2328 2700 causis
2441 2655 2442 2682 1

1332 2728 1553 2802 coelestibus.

1434 2827 1668 2902 Doctissimus
1685 2833 1752 2919 vir,
1778 2827 1943 2904 Ioannes
1962 2829 2006 2908 V
2001 2827 2185 2922 otmarus,
2211 2859 2329 2905 anno-

1333 2934 1421 3005 tavit
1440 2929 1626 3004 historiam
1648 2934 1694 3004 de
1708 2931 1962 3007 Mathematico
1981 2934 2092 3027 Regis
2107 2931 2328 3028 Hungariae‚

1333 3031 1519 3110 Matthiae.
1570 3033 1662 3106 Cum
1683 3037 1779 3106 enim
1794 3035 1874 3110 Rex
1896 3039 2014 3110 subito
2030 3051 2065 3109 et
2080 3039 2177 3129 gravi
2197 3040 2327 3110 morbo

1334 3141 1522 3222 laboraret,
1546 3161 1610 3208 nee
1624 3135 1760 3210 Medici
1774 3163 1915 3210 causam
1931 3141 2049 3212 morbi
2065 3141 2228 3211 iuvenire
2245 3167 2330 3232 pos-

1272 3278 1281 3296 ·
1334 3255 1432 3327 sent,
1457 3233 1732 3312 Mathematicus
1748 3267 1807 3312 eos
1824 3244 2027 3324 admonuit,
2053 3267 2195 3314 causam
2213 3245 2330 3314 morbi

1335 3366 1409 3413 esse
1428 3339 1612 3435 Hclipsin,
1634 3347 1725 3436 qua'e
1747 3345 1871 3416 luisset
1889 3345 1928 3414 in
1952 3345 2053 3436 signo
2067 3343 2279 3437 Horoscopo
2295 3345 2328 3442 ⁵)

1304 3419 1309 3508 l
1335 3443 1463 3535 Regis,
1480 3467 1545 3514 uec
1567 3443 1678 3513 alium
1699 3448 1864 3517 morbum
1886 3471 1979 3534 esse,
2005 3449 2074 3518 nisi
2093 3449 2212 3518 cordis
2228 3450 2333 3519 debi-

1334 3547 1489 3632 litatem,
1521 3557 1636 3616 ortam
1658 3561 1806 3640 propter
1826 3545 2000 3642 Eclipsin.
2052 3547 2140 3622 ldeo
2166 3546 2329 3622 bortatus

1336 3663 1407 3732 est,
1430 3671 1479 3718 ne
1503 3647 1584 3718 aliis
1602 3649 1790 3720 medicinis
1807 3663 1976 3722 vexarent
1999 3675 2147 3744 corpus,
2170 3655 2235 3724 scd
2249 3667 2331 3725 tan-

1336 3765 1412 3823 tum
1427 3752 1553 3822 darent
1568 3751 1727 3822 iuvantia
1749 3775 1820 3827 cor.
1871 3751 1968 3824 Huic
1983 3755 2133 3826 consilio
2148 3779 2231 3828 cum
2249 3755 2332 3828 Me-

1337 3853 1409 3924 dici
1444 3854 1762 3945 obtemperassent,
1803 3856 1938 3948 experti
1969 3871 2070 3944 sunt,
2109 3859 2331 3930 curationem
2413 3941 2418 3949 Ι

1336 3971 1430 4029 recte
1455 3969 1490 4027 et
1518 3955 1692 4028 foeliciter
1716 3959 1924 4048 procedere,
1956 3972 1990 4030 et
2009 3957 2088 4032 Rex
2102 3961 2218 4036 ,brevi
2246 3987 2334 4032 con-

1338 4057 1461 4132 valuit.

1439 4157 1615 4232 Existimo
1629 4159 1749 4256 itaque
1762 4185 1865 4255 saepe
1881 4186 1983 4255 posse
1999 4161 2144 4236 Medico
2165 4171 2335 4259 prodesse

1337 4259 1863 4356 observationesAstrologicas.
1889 4263 2112 4338 Ptolemaeus
2125 4293 2207 4340 curn
2225 4271 2295 4342 alia
2303 4267 2334 4365 ⁴)

1338 4367 1509 4459 quaedam
1524 4381 1707 4457 praecepta
1723 4367 1833 4439 tradit
1846 4391 1912 4460 pro
1929 4371 2137 4462 compertis,
2163 4385 2242 4444 turn
2264 4369 2335 4444 hoc

1339 4491 1480 4562 quoque
1494 4462 1541 4566 ⁵):
1569 4466 1649 4538 Non
1663 4491 1738 4539 csse
1752 4492 1879 4540 venam
1894 4475 2104 4560 secandam,
2130 4499 2212 4545 cum
2229 4475 2337 4547 Luna

1337 4595 1376 4639 rn
1391 4593 1492 4660 signo
1512 4583 1583 4654 est,
1609 4573 1704 4664 quod
1722 4571 1778 4642 illi
1795 4573 1955 4644 membro
1970 4575 2190 4652 dominatur.
2226 4575 2333 4648 Vidi-

1336 4696 1416 4744 mus
1439 4673 1616 4764 exempla,
1643 4697 1732 4768 quac
1758 4677 1998 4766 testabantur,
2022 4703 2149 4769 parum
2170 4679 2336 4750 toelicem

1371 4918 1533 5042 1)1Qo'sp'st.
1548 4915 1666 4972 etCons.
1678 4918 1830 4984 materiae,
1848 4917 2004 4973 exurendo.
2036 4919 2148 4977 iliacis„
2160 4935 2250 4980 ηας,
2266 4945 2336 4979 m.

1419 5006 1479 5041 erm
1491 5007 1529 5040 sa.

1372 5079 1401 5144 ἲ)
1421 5074 1541 5142 Ideoque
1557 5101 1589 5114 -
1605 5069 1722 5125 Medicis
1738 5069 1849 5128 Riccius
1864 5089 1919 5128 nou
1935 5072 2022 5131 babet.

1369 5159 1398 5229 8)
1417 5157 1492 5211 Hice.
1509 5157 1673 5222 Horoseopi.
1779 5173 1784 5185 ·

1368 5246 1396 5313 4)
1417 5245 1488 5308 aliu]
1509 5251 1581 5296 recte
1597 5241 1672 5298 [tice.
1694 5261 1744 5314 pro
1763 5263 1841 5312 cum,
1867 5245 1941 5317 quod
1960 5247 1987 5300 in
2010 5255 2081 5302 testu
2097 5249 2179 5305 Eberi
2194 5252 2294 5323 legitur
2308 5263 2336 5306 et

300 5365 429 5434 menda
447 5373 564 5434 sunta
579 5361 754 5453 Materia,
782 5384 815 5440 et
834 5394 853 5438 a
872 5371 986 5439 causis
1009 5371 1294 5463 particularibus,
1311 5371 1315 5440 l
1371 5398 1398 5466 5)
1418 5397 1495 5454 Ricc.
1509 5417 1620 5468 quoque
1632 5399 1753 5452 addunt.
