4896 5974
158 331 343 458 Q
957 367 972 404 e
1058 366 1137 403 e·
1265 373 1275 395 ·
1375 374 1383 392 ·
1823 343 2174 417 dierrtfbff.

261 621 292 660 rr
305 621 339 660 co
483 635 493 654 .
544 641 551 660 .
662 638 671 656 .
717 637 726 659 .

154 763 214 835 De
238 760 361 836 Thebe
382 763 579 837 Samonion
596 762 775 850 .(oppidulo
804 762 929 850 Ditben)
954 783 1016 835 att·
1041 753 1150 834 1541·
1628 739 1772 837 media·

342 864 606 938 terestrem
629 867 980 940 tetrantorum.-
1127 880 1129 884 ·
1201 861 1291 932 Cras
1307 859 1373 934 ubi
1389 875 1563 938 venturae
1581 869 1649 940 sub
1669 874 1789 966 prima
1805 875 2017 968 crepuscula
2031 877 2134 974 lucis,
2284 901 2286 906 '

1251 963 1325 1035 lbit
1340 965 1386 1036 ab
1403 963 1492 1038 Eois
1507 967 1652 1042 Lucifer
1670 989 1770 1046 ortus
1785 977 1902 1072 aquis:

1201 1062 1365 1159 Quisque
1381 1069 1428 1138 ad
1442 1094 1609 1148 auroram
1624 1071 1740 1146 Musis
1756 1079 1939 1170 consurgis
1956 1079 2108 1154 amicam

1162 1169 1164 1174 ’
1247 1169 1298 1240 Et
1310 1168 1444 1264 linquis
1459 1173 1593 1267 placidi
1609 1177 1732 1250 mollia
1748 1193 1855 1254 strata
1873 1181 1987 1254 thori:

1198 1269 1377 1362 suspicias
1389 1271 1494 1364 pleno
1516 1277 1699 1353 lucentem
1716 1306 1869 1376 corpore
1883 1281 2036 1377 Lunam,

1246 1367 1295 1443 Et
1310 1396 1392 1442 mox
1405 1388 1553 1448 naturae
1567 1379 1667 1454 triste
1686 1385 1828 1457 videbis
1844 1409 1944 1478 opus.

1007 1511 1011 1520 ,
1121 1487 1124 1493 '
1196 1469 1362 1568 Namque
1377 1498 1586 1550 reversurus
1605 1488 1791 1559 nocturnis
1805 1483 1972 1560 Phoebus
1985 1489 2032 1561 ab
2045 1491 2162 1580 undis,

1245 1575 1342 1647 Dum
1359 1577 1460 1650 duris
1475 1587 1651 1655 astrorum
1666 1589 1780 1658 sidere
1795 1590 1909 1662 fertur
1925 1585 2030 1664 Ovis.

1195 1669 1357 1769 Occupat
1371 1679 1559 1754 adversum
1576 1682 1720 1760 Phoebe
1737 1689 1975 1782 pulcherrima
1994 1693 2137 1782 libram,

1245 1775 1327 1868 Qua
1343 1779 1435 1854 uitet
1447 1798 1589 1856 octavae
1604 1789 1701 1886 regia
1718 1805 1849 1862 moesta
1866 1793 2000 1889 plagae.

1193 1876 1307 1951 Terra
1324 1883 1386 1952 sed
1401 1883 1441 1954 in
1456 1888 1574 1958 medio
1591 1893 1722 1964 solares
1737 1895 1887 1985 impedit
1902 1895 2012 1987 ignes,

1240 1979 1337 2054 Hinc
1351 1985 1480 2060 Lunae
1496 1989 1653 2066 involvit
1674 1995 1809 2088 tristior
1821 1997 1948 2068 umbra
1962 2014 2079 2092 caput

1188 2077 1260 2160 ,Illa
1274 2086 1338 2156 diu
1353 2087 1485 2161 frustra
1500 2095 1610 2164 caecis
1625 2098 1757 2169 luctata
1775 2098 1931 2168 tenebris

1240 2187 1284 2256 In
1298 2187 1480 2262 fortunato
1497 2195 1564 2266 sub
1581 2221 1664 2268 sene
1680 2223 1798 2292 pressa
1815 2199 1935 2290 gemit.

1188 2282 1432 2384 Nequicquam
1449 2294 1597 2367 timidus
1612 2315 1786 2392 spectator
1804 2299 1964 2396 luppiter
1979 2317 2079 2391 astat,

1239 2387 1402 2463 Occidua
1420 2397 1509 2466 coeli
1526 2423 1634 2490 quem
1650 2399 1725 2477 Leo
1741 2416 1841 2495 parte
1858 2417 1966 2476 tenet.

1186 2492 1234 2562 At
1252 2487 1399 2565 Phoebo
1416 2497 1558 2570 iniustis
1573 2505 1731 2594 gaudeus
1748 2505 1848 2575 Mars
1864 2505 1996 2598 impius
2012 2511 2122 2580 arrnis

1236 2593 1270 2664 It
1285 2617 1419 2689 comes,
1443 2614 1477 2670 et
1490 2623 1596 2673 saevo
1615 2605 1781 2676 fulminat
1797 2630 1859 2678 ore
1873 2608 2001 2680 minas.

1223 2695 1279 2763 uis
1293 2695 1403 2768 duros
1418 2703 1507 2773 adeo
1520 2703 1655 2796 lapides
1669 2709 1709 2776 in
1730 2723 1874 2801 pectore
1890 2711 2024 2799 gestat?
2037 2786 2040 2790 ,

1236 2795 1328 2886 Quis
1346 2821 1466 2874 secura
1481 2808 1569 2876 adeo
1588 2807 1707 2878 vivere
1723 2824 1842 2880 mente
1857 2812 1997 2903 potest?
2281 2876 2285 2886 .

1184 2893 1254 2968 Cui
1280 2921 1355 2970 nou
1386 2908 1493 2977 eorda
1526 2907 1647 3002 timor,
1680 2911 1737 2980 eui
1764 2935 1839 2981 non
1871 2924 1997 3004 stupor
2028 2931 2177 3022 occupet
2321 2945 2325 2951 ·

1694 3014 1814 3084 artus?

1232 3101 1330 3177 llaec
1345 3105 1484 3202 quoties
1498 3109 1588 3180 coeli
1601 3112 1714 3185 tristia
1732 3116 1830 3206 signa
1847 3115 1956 3191 videt.

1088 3287 1091 3296 ,
1181 3203 1273 3278 Nam
1289 3211 1387 3281 velut
1401 3225 1548 3282 eventus
1563 3213 1665 3310 signs
1687 3229 1738 3286 est
1755 3241 1858 3312 saepe
1874 3233 1957 3290 ante
1971 3231 2123 3313 secutus,

137 3315 202 3393 No,
229 3319 315 3392 182,
449 3397 451 3402 Ι
913 3329 1000 3403 (ωᾱ,
1018 3329 1130 3416 temp.)
1233 3309 1294 3382 Sic
1308 3311 1395 3382 haec
1411 3313 1538 3385 ellectu
1555 3339 1661 3387 nemo
1674 3343 1793 3390 carere
1809 3327 1918 3415 putet.
2019 3360 2027 3369 ·

143 3417 315 3448 W
384 3433 396 3454 ν
910 3419 1124 3460 *W
1180 3408 1336 3500 Legibus
1350 3413 1497 3484 insidias
1512 3419 1657 3489 veniens
1671 3421 1832 3492 fallacior
1845 3435 1952 3510 aetas,

198 3519 282 3594 spot
299 3517 429 3576 Vmerus.
447 3535 475 3592 p.
487 3517 548 3576 174.
1231 3513 1306 3584 Hei
1322 3513 1443 3586 miuus
1460 3519 1503 3586 ad
1519 3519 1663 3589 fraudes
1677 3521 1878 3617 ingeniosa,
1905 3539 2030 3596 struet.

925 3681 935 3700 ‚
1178 3610 1228 3685 Et
1242 3617 1364 3686 sceleri
1380 3641 1512 3686 nomen
1530 3633 1731 3710 praetexere
1743 3625 1854 3694 discet
1869 3621 2069 3714 honestum,

129 3680 192 3753 ΒΕ
210 3701 308 3779 9⁰9⁰
328 3679 463 3754 Melan
476 3699 525 3773 ΡΥ
523 3699 593 3772 ⁰1²⁰
618 3675 763 3751 mm
785 3681 1005 3752 &mmm
1027 3702 1128 3754 “m
1230 3717 1469 3814 Autolyciquc
1482 3721 1552 3790 sibi
1566 3737 1712 3813 quaeret
1728 3726 1773 3793 ab
1786 3741 1861 3797 arte
1876 3727 1994 3796 decus.

576 3778 688 3858 154¹·
1179 3819 1348 3890 Forsitan
1360 3833 1395 3892 ct
1409 3823 1540 3892 facient
1555 3827 1599 3892 de
1616 3825 1801 3915 relligione
1814 3824 2019 3910 cothurnos,

121 3929 202 4022 Qui
218 3929 332 4001 modo
343 3929 511 4022 dispersis
526 3928 639 4000 veluti
656 3927 806 4020 magalia
819 3927 922 3999 tectis
1231 3919 1306 4012 Qui
1321 3937 1355 3993 te
1371 3925 1490 3994 fucato
1506 3939 1646 4016 pectore
1663 3923 1804 3998 Christe
1820 3929 1954 4002 colunt.

173 4033 298 4123 Pagus
310 4029 502 4104 Saxoniam
519 4029 651 4101 dividit
665 4046 772 4124 atque
790 4029 927 4124 Mysos.
1177 4019 1308 4094 Dirum
1323 4024 1429 4094 etiam
1446 4025 1543 4118 plebi
1564 4051 1687 4098 rursus
1705 4033 1935 4121 portenditur
1949 4053 2069 4120 omen,

119 4131 222 4210 Urbs
240 4131 490 4204 Mediolanum
507 4130 767 4227 quondam'bis
786 4133 1003 4225 amplissima
1020 4133 1127 4204 terris
1229 4124 1332 4216 Quae
1345 4127 1465 4197 whilo
1479 4151 1578 4198 casus
1594 4145 1646 4200 est
1662 4125 1827 4202 habitura
1846 4155 1982 4224 graves,
2069 4185 2088 4220 ·.

168 4237 253 4310 Arx
270 4233 429 4305 Henetus
445 4249 589 4319 contra,
616 4235 888 4330 barbariemque
907 4234 987 4309 fuit.
1178 4223 1313 4314 Verum
1338 4223 1425 4300 haec
1447 4253 1532 4302 cura
1554 4232 1634 4303 Deo
1661 4233 1705 4304 sit
1728 4235 1995 4320 commendata,
2021 4259 2169 4332 precan-

113 4335 229 4414 Nunc
247 4332 343 4408 nihil
358 4337 496 4431 antiqui
513 4338 669 4418 decoris,
696 4336 766 4406 nisi
783 4361 915 4407 nomen
940 4337 1048 4407 inane
1692 4335 1778 4404 dum
1796 4349 1860 4424 est,

165 4443 323 4526 Servat,
349 4453 386 4516 ,et
403 4439 442 4508 in
457 4439 549 4509 saltu
568 4438 638 4508 iam
655 4438 733 4508 siue
750 4435 888 4510 honore
902 4439 1001 4509 iacet.
1228 4425 1278 4505 Ut
1293 4443 1407 4503 tantas
1424 4433 1514 4502 coeli
1530 4433 1665 4524 mitiget
1681 4437 1742 4506 ille
1761 4439 1886 4510 minas.

115 4537 259 4614 Omnia
282 4555 370 4614 sunt
395 4535 581 4612 hominnm
599 4555 768 4611 venturae
783 4542 937 4612 obnoxia
953 4542 1074 4629 morti,
1175 4531 1282 4606 Illum
1299 4537 1387 4604 adeo
1404 4535 1570 4626 imploret
1586 4537 1688 4608 iustis
1704 4535 1859 4612 Ecclesia
1876 4541 1982 4628 votis,

166 4643 220 4718 Et
236 4645 379 4717 faciunt
392 4643 529 4715 subitas
545 4641 661 4728 tristia
676 4644 747 4715 fata
762 4643 867 4717 vices.
1194 4715 1197 4724 ,
1225 4635 1427 4710 Aerumnas
1444 4638 1572 4708 melius
1586 4639 1686 4710 nulla
1703 4643 1838 4713 medela
1856 4643 1961 4717 levat

152 1013 269 1087 Parra
285 1016 375 1090 iacet
394 1013 521 1092 Thebe
534 1015 715 1088 mediisin
732 1017 881 1092 saltibus
895 1015 1023 1106 amnis,

145 1197 150 1206 ¹
201 1115 275 1188 Hic
288 1119 351 1190 ubi
366 1118 553 1216 Mysorum
568 1118 697 1190 Mulda
714 1135 872 1210 pererrat
886 1143 1002 1214 agros,

148 1215 267 1292 Parva
284 1220 330 1294 sit
348 1221 414 1294 ista
432 1223 525 1307 licet,
545 1217 684 1292 Thebis
697 1235 833 1294 certare
846 1223 993 1296 vetustis

199 1319 401 1416 Multiplici
414 1324 546 1418 poterit
563 1324 814 1396 commoditate
827 1339 959 1402 tamen.

142 1419 321 1496 Cadmeas
335 1425 424 1498 olim
440 1427 589 1498 fratrum
602 1425 780 1497 discordia
796 1423 940 1500 Thebas

196 1522 341 1615 Exitio,
364 1541 398 1598 et
411 1529 513 1620 regni
531 1527 608 1598 dira
624 1527 754 1620 cupido
770 1530 884 1602 dedit:

139 1623 217 1698 Hie
233 1653 308 1700 non
324 1631 472 1700 ambitio
489 1629 610 1701 civilia
626 1645 827 1704 commovet
848 1657 960 1718 arma,

196 1729 366 1821 lugentes
389 1745 528 1803 tantum
551 1755 641 1825 quae
660 1731 852 1803 comitatur
867 1730 894 1830 ¹)
917 1757 1013 1826 opes.

137 1829 244 1906 Tuta
268 1821 345 1904 sinc
365 1834 501 1904 invidia
521 1845 710 1926 paupertas
731 1833 826 1923 degit
840 1832 869 1930 ²)
890 1850 1055 1932 amatque

192 1933 325 2026 Leges,
348 1959 388 2006 ae
398 1951 518 2032 aequo
536 1935 656 2004 vivere
676 1934 754 2016 iure
771 1935 884 2008 docet.
966 1975 969 1980 ·

135 2034 191 2108 Ac
206 2038 296 2108 luxu
312 2037 417 2129 periit
434 2034 559 2110 Thebc
573 2036 704 2122 altera,
726 2038 888 2130 proximo
905 2037 1002 2140 Nilo,

190 2137 371 2210 Pernities
387 2164 527 2210 morum
545 2162 636 2236 quae
651 2139 768 2230 gravis
782 2163 856 2210 esse
873 2141 975 2216 solet.

134 2239 221 2314 Sed
233 2243 335 2314 labor
351 2235 409 2310 hic
425 2241 519 2332 cogit
533 2241 687 2330 frugales
702 2265 776 2312 esse
793 2242 952 2334 colonos,

187 2339 241 2416 Et
255 2347 384 2416 desunt
399 2343 495 2413 vitiis
514 2337 583 2414 boc
598 2342 765 2414 alimenta
782 2344 873 2418 loco.

130 2443 222 2516 Non
239 2459 360 2518 tamen
381 2441 440 2516 bic
453 2445 587 2517 victum
610 2468 755 2536 prorsus
771 2461 875 2536 negat
890 2445 1012 2517 invida
1028 2459 1135 2527 terra,

127 2540 130 2546 ¹
185 2546 348 2619 Labraea
368 2571 449 2617 cnm
471 2547 585 2638 percis
600 2543 628 2640 ⁸)
648 2560 682 2618 et
697 2548 763 2618 tibi
779 2546 908 2620 Mulda
922 2549 1033 2620 dabit.

141 2646 244 2721 hdde
258 2647 448 2740 Evangelii
473 2651 608 2736 lucem,
634 2673 725 2744 quae
743 2645 800 2718 his
816 2651 928 2742 fulget
943 2652 981 2721 in
998 2650 1083 2734 oris,
1186 2689 1221 2782 Q

190 2749 268 2822 Hoc
284 2747 425 2822 nullum
442 2751 574 2844 poterit
589 2753 759 2842 grandius
774 2775 848 2822 esse
866 2753 1013 2827 bonum.

143 2851 235 2924 Felix
256 2855 315 2924 cui
334 2855 471 2924 dederit
487 2852 680 2923 mediocria
697 2855 883 2924 commoda
899 2855 991 2927 vitae

189 2955 268 3050 lpse
282 2955 355 3028 Dei
376 2969 522 3049 gnatus,
543 2955 779 3052 notitiamque
793 2957 859 3028 sui.

1172 4939 1241 5013 No.
1268 4939 1351 5015 184.
1501 4973 1503 4978 ’
1756 5007 1758 5012 ,
1891 4951 1945 5016 22.
1959 4950 2051 5021 Mart.
2065 4953 2165 5022 tstt.

1179 5037 1353 5068 w
1919 5041 2133 5086 ses-su

1240 5122 1273 5179 ln
1288 5143 1351 5196 opp.
1364 5124 1447 5180 basil.
1460 5125 1494 5180 T.
1501 5123 1534 5178 V.
1552 5143 1578 5196 p.
1586 5124 1646 5182 861.
1682 5124 1761 5196 Apud
1775 5122 1903 5180 Vincerat.
1918 5131 2019 5216 plsq.
2037 5160 2070 5176 -
2106 5131 2167 5188 Ad.

1274 5193 1382 5263 scripsit
1399 5193 1560 5249 Vincentius
1579 5193 1710 5260 marginis
1735 5211 1839 5260 „anno
1855 5195 1932 5253 1511.
1947 5197 1976 5252 in
1993 5201 2093 5254 ttinere
2108 5199 2174 5255 lla·¹

1273 5262 1423 5316 tisbnnsusi
1437 5265 1479 5318 22.
1491 5262 1613 5317 Martii.”
1640 5261 1706 5316 vit.
1720 5281 1790 5332 quaa
1801 5265 1835 5318 ds
1849 5263 1902 5321 hoe
1917 5267 2040 5322 carmine
2054 5269 2167 5325 Melan·

1272 5331 1338 5386 then
1352 5333 1460 5404 scripsit
1473 5331 1506 5386 ad
1524 5333 1617 5387 Vitam
1631 5331 1769 5387 Theodor.
1786 5353 1847 5407 epp.
1862 5334 1928 5393 vot
1942 5337 1989 5393 lV.
2004 5352 2031 5410 ρ.
2047 5337 2107 5396 1⁵1.
