4896 5974
176 227 257 310 sot
456 163 498 276 ·n
937 229 1263 312 canutnuu
1312 232 1419 312 oua.
1447 229 1490 308 ι’
2145 191 2232 330 ’6οεΙ

174 405 269 479 Nam
285 407 383 502 quod
398 407 555 480 didicere
568 405 729 494 fabulas,
755 398 1040 501 quassabitur,

174 507 337 581 Honesta
352 533 456 580 causa
470 523 577 581 estut
591 509 694 581 latini
712 510 816 602 copia

174 610 362 684 Sermonis
370 606 607 686 exhauriatur
621 636 665 684 ex
678 608 736 684 his
747 611 920 689 fontibus.

173 711 272 785 Huic
289 737 353 784 vos
367 716 487 786 studio
502 717 622 786 favere
636 714 787 786 maxime
802 717 917 786 dccet:

172 812 224 888 Et
238 816 346 888 rebus
361 816 449 908 ipsis
463 817 600 889 utilitas
616 831 652 889 et
667 816 779 908 gratia

173 917 304 1009 lngens
321 919 431 1004 inest,
455 920 629 1012 imagines
646 921 739 990 vitae
757 919 918 994 omnium

173 1019 380 1112 Pinguntnr
394 1021 434 1092 in
451 1019 615 1092 Terentii
629 1018 847 1108 Comoediis,

173 1122 276 1214 Quae
290 1123 471 1214 singulos,
497 1125 612 1218 qualis
628 1124 974 1196 dccest'moderatio.

173 1225 347 1316 Qualisve
360 1226 400 1297 in
417 1227 556 1298 actione
570 1227 743 1318 dignitas,
766 1241 926 1301 monent.

172 1326 363 1424 Leporque
378 1329 511 1400 mixtus
525 1341 594 1415 est,
617 1330 778 1424 salesque
792 1329 948 1402 candidi.

172 1429 248 1520 Qui
263 1431 437 1504 suavitate
450 1433 649 1504 orationem
666 1432 853 1516 condiunt,

151 1529 220 1606 'Et
235 1557 339 1626 saepe
354 1545 446 1604 tecte
460 1547 707 1620 commonent,
732 1537 830 1628 quod
844 1533 996 1626 expedit.

170 1631 313 1708 Dixisse
331 1637 512 1730 quondam
526 1639 640 1708 fertur
651 1633 769 1708 Attica
784 1636 918 1722 civitas,

168 1735 282 1810 Natos
298 1735 492 1809 Menandri
506 1736 643 1812 Comici
661 1739 798 1830 lepidos
812 1739 903 1808 sales

169 1839 240 1910 Illa
257 1865 299 1910 ex
313 1841 398 1912 salis
411 1865 555 1934 spuma,
577 1839 701 1910 Venus
716 1865 786 1934 qua
801 1841 933 1910 dicitur

169 1938 327 2028 Exorta,
352 1943 509 2036 primum
525 1967 567 2012 ex
582 1937 729 2012 Oceano
746 1967 826 2014 cum
842 1940 994 2034 prodiit:

171 2043 214 2114 ld
227 2045 425 2137 praedicari
440 2059 475 2115 et
491 2047 536 2114 de
552 2042 716 2114 Terentii
731 2045 818 2114 iocis

169 2145 390 2242 Quanquam
406 2145 643 2217 severioribus
657 2147 876 2218 conceditur.

168 2247 276 2320 Nunc
293 2245 551 2320 Phormionem
569 2261 711 2320 acturus
727 2261 780 2320 est
797 2263 918 2320 noster
933 2241 1065 2318 chorus

171 2349 247 2441 Qui
262 2352 409 2443 praebet
426 2351 465 2420 in
481 2347 549 2421 boc
566 2349 732 2420 innoxios
749 2345 887 2422 theatro
904 2352 1014 2424 iocos.

170 2453 244 2527 Sed
258 2449 498 2524 Phormiones
514 2466 598 2522 sunt
613 2452 742 2543 opinor
755 2453 905 2544 plurimi
1036 2517 1042 2524 .

169 2555 265 2641 Alii,
290 2557 363 2628 suis
377 2555 441 2650 qni
456 2549 698 2651 sycophantiis
712 2567 870 2640 movent,

170 2656 399 2752 Vertuntquc
416 2671 490 2742 tota
505 2681 631 2748 regna,
658 2679 748 2752 quos
762 2653 946 2730 coherceat

169 2756 291 2846 Deus,
315 2760 483 2854 piamque
499 2755 678 2830 Ecclesiae
694 2783 815 2850 pacem
832 2783 916 2830 suae

168 2863 245 2936 Det
258 2857 561 2958 sycophantarum
578 2861 769 2954 peremptis
785 2861 955 2944 coetibus,

167 2963 218 3038 Et
233 2964 397 3036 omnium
412 2965 581 3036 incendat
596 2977 782 3054 regentum
799 2977 952 3056 pectora,

168 3065 221 3140 Ut
235 3067 421 3138 veritatem
437 3067 604 3140 traditam
622 3065 795 3136 divinitus

168 3165 220 3240 Et
233 3169 333 3254 iura,
358 3169 601 3264 iustitiamque
614 3165 692 3240 Deo
707 3183 841 3258 gratam
858 3169 989 3244 colant.

173 3269 242 3343 Sed
259 3293 367 3342 cesso
418 3269 523 3342 Nunc
539 3269 791 3342 Terentianam
806 3271 963 3340 fabulam

171 3374 303 3445 Audite
320 3395 450 3468 quaeso
465 3395 546 3446 oum
561 3371 754 3459 modestia,
777 3385 817 3444 ut
832 3373 943 3447 decet.

1080 3599 1168 3609 ——n

196 3745 263 3820 No.
279 3743 342 3816 49.

182 3843 352 3872 W

240 3967 273 4020 ln
290 3961 428 4034 lamgine
439 3959 531 4018 Sacer.
545 3969 570 4013 et
584 3961 610 4012 in
627 3977 691 4027 opp.
706 3959 767 4012 Bas.
782 3955 816 4010 Τ.
829 3956 859 4009 V.
876 3977 900 4028 p.
909 3954 969 4036 9503
1006 3957 1088 4027 Apud
1104 3955 1168 4010 Vin·

275 4041 348 4086 cent
367 4051 394 4104 p.
411 4033 467 4090 115.
488 4059 517 4070 -
554 4027 607 4081 lllo
627 4037 751 4096 tempore
769 4025 852 4079 fuisse
866 4025 1015 4078 amicitiam
1027 4025 1168 4080 interMc·

776 3716 785 3730 '
826 3751 1027 3828 (tarteson.
1046 3752 1156 3830 1525.)

1225 402 1281 476 De
1298 407 1426 478 studiis
1442 405 1526 480 Iulii
1542 411 1749 502 longissima
1765 418 1900 491 mentio
1916 420 2018 498 sach.
2075 442 2079 450 '

1227 503 1263 578 Ο
1279 523 1313 580 te
1327 510 1489 581 loelicem
1507 513 1614 584 talem
1630 538 1711 586 cum
1726 517 1796 586 fata
1813 521 1989 594 dederunt

1227 609 1407 694 Mentem,
1433 635 1524 706 quae
1539 617 1639 705 vulgi
1654 619 1834 690 damnosis
1852 622 1964 696 libera
1980 627 2085 713 curis,

1228 711 1320 782 Vera
1336 715 1437 808 sequi
1452 731 1561 788 certet
1575 719 1670 790 bona
1687 743 1762 790 uon
1778 723 1932 795 obnoxia
1950 730 2068 802 morti.

1226 811 1370 886 Caetera
1385 818 1489 888 turba
1502 814 1666 891 homines
1682 846 1756 892 non
1771 848 1845 894 uuo
1862 850 1982 900 errore
1998 845 2176 919 tenentur,

1224 915 1314 986 Nam
1330 919 1491 1014 plerique
1504 923 1607 1012 gulae
1620 938 1799 996 sectantur
1814 933 2018 1018 commoda,
2044 947 2078 1004 et
2092 935 2206 1026 ipsam

1226 1016 1377 1091 Vincere
1391 1026 1613 1096 contendunt
1629 1025 1813 1120 Sybarim,
1842 1055 1923 1122 pars
1939 1034 2049 1124 pallet
2063 1061 2185 1108 amore

1224 1115 1486 1194 Accumulandi
1501 1128 1597 1212 auri,
1624 1129 1814 1222 studioque
1828 1136 1976 1206 senescit
1991 1132 2160 1212 habendi.

1223 1217 1458 1319 Ambitioque
1473 1230 1567 1320 capit
1583 1231 1732 1315 multos,
1759 1234 1937 1330 fascesque
1951 1239 2110 1329 superbi,

1225 1321 1271 1395 lllt
1284 1327 1361 1396 leve
1376 1329 1510 1400 fallacis
1527 1332 1624 1421 vulgi
1639 1333 1868 1429 studiumque
1883 1339 2065 1434 favorque,

1223 1424 1320 1500 Haec
1336 1455 1479 1522 quoque
1496 1457 1571 1517 me,
1596 1435 1666 1504 nisi
1685 1435 1755 1506 luli
1776 1441 1922 1528 probas,
1948 1443 2087 1514 insania
2103 1445 2219 1538 coepit

1222 1527 1340 1600 Flacci
1357 1557 1455 1602 more
1472 1534 1577 1620 boni,
1603 1550 1727 1608 tenues
1742 1542 1917 1615 deducere
1934 1567 2075 1616 versus:

1222 1629 1282 1701 Sic
1297 1633 1403 1704 etiam
1419 1658 1550 1730 cygnos
1567 1638 1752 1710 imitabere
1769 1667 1874 1714 corve
1891 1671 2053 1722 canoros.

1223 1733 1282 1804 Tu
1296 1736 1388 1806 vitae
1402 1739 1530 1810 melius
1545 1743 1692 1832 coepisti
1708 1743 1776 1812 iter
1791 1745 1930 1836 ingredi
1948 1748 2032 1834 Iuli,

1221 1833 1392 1907 Palladiis
1406 1855 1506 1910 natas
1522 1857 1615 1912 artes
1632 1847 1718 1914 dum
1734 1845 1832 1916 solus
1847 1843 2014 1936 Athenis,

1222 1935 1341 2033 Atque
1362 1957 1486 2012 auctus
1509 1946 1620 2046 veteri
1637 1946 1739 2017 Latio
1761 1947 1799 2015 in
1821 1951 1975 2041 patrium
1999 1951 2143 2026 invehis
2157 1981 2218 2028 or-

1737 2049 1829 2136 bem,

1222 2141 1446 2238 Virtutisque
1463 2147 1575 2228 viam,
1600 2147 1764 2244 legesque
1779 2155 1964 2224 ostendere
1979 2157 2106 2249 pergis.

1221 2241 1339 2314 Macte
1355 2247 1475 2321 animo
1494 2249 1655 2336 iuvenis,
1682 2267 1896 2348 coeptusque
1909 2281 2035 2348 urgere
2052 2261 2192 2332 labores

1220 2343 1273 2415 Ne
1289 2347 1433 2434 desiste,
1459 2351 1560 2422 dabit
1577 2377 1742 2423 curarum
1761 2359 1916 2448 praemia
1935 2361 2043 2450 digna

1219 2444 1413 2522 Posteritas
1429 2451 1574 2534 melior,
1601 2453 1783 2550 iustosque
1796 2463 1966 2548 rependet
1983 2457 2148 2550 bonores,

1220 2549 1313 2636 Nos,
1335 2553 1487 2644 patiare,
1513 2555 1572 2646 pio
1588 2569 1622 2626 te
1636 2558 1793 2628 carmine
1810 2561 1982 2650 dicimus,
2008 2581 2115 2662 atque

1220 2649 1307 2723 Esse
1324 2655 1376 2726 tui
1390 2657 1504 2748 gregis
1518 2671 1682 2749 optamus
1697 2685 1779 2752 pars
1797 2663 1930 2754 optime
1944 2663 2026 2739 luli.

1245 3019 1312 3146 ito.
1323 3067 1385 3148 50.

1226 3169 1399 3198 Μ

2042 3119 2090 3158 an.
2110 3097 2203 3162 1525.
2240 3085 2246 3096 ⁸

2037 3187 2207 3215 Μ

1288 3291 1352 3348 Tria
1369 3293 1503 3364 epitaphia
1516 3294 1677 3366 Friderioo,
1699 3297 1772 3356 Daci
1786 3299 1846 3360 Sar.
1861 3303 1960 3374 scripta
1972 3302 2103 3376 leguntur
2116 3310 2142 3362 in
2158 3310 2215 3364 lar-

1325 3363 1417 3431 ragine
1430 3365 1548 3429 Secedi,
1572 3365 1601 3419 in
1616 3386 1680 3437 opp.
1694 3370 1777 3426 Basil.
1796 3389 1823 3442 p.
1836 3371 1895 3428 ³87.
1908 3385 1933 3425 et
1948 3377 2018 3444 apud
2033 3375 2113 3436 Vino.
2133 3396 2160 3448 p.
2169 3382 2214 3439 95.

1323 3431 1427 3486 Recusa
1441 3435 1520 3488 etiam
1534 3436 1561 3488 in
1576 3435 1691 3492 Scultcti
1705 3439 1795 3498 annal.
1811 3441 1880 3497 Dec.
1893 3441 1913 3494 l.
1934 3444 2030 3512 pm.

1232 3633 1236 3641 ’
1255 3605 1503 3702 Epitaphium
1528 3611 1794 3706 Frtdertcs',
1821 3619 1943 3690 Ducis
1961 3625 2179 3715 samoneos,

1475 3717 1666 3808 Principis
1685 3719 1868 3791 dilectores
1888 3725 1952 3792 etc.
2044 3781 2048 3788 .

1221 3879 1316 3952 Ante
1332 3894 1425 3972 petet
1442 3905 1546 3952 cursu
1559 3881 1738 3953 Boiemica
1754 3909 1837 3954 rura
1854 3888 1996 3979 supino,

1232 3983 1236 3988 ⁵
1272 3983 1377 4055 Unde
1392 3984 1431 4051 in
1446 3983 1639 4054 Saxonicos
1655 3985 1779 4058 defluit
1795 3985 1900 4059 Albis
1915 4013 2032 4080 agros:

275 4101 441 4162 lantbouent⁴
452 4111 477 4153 et
495 4097 592 4151 lulium
608 4095 761 4166 Pflugium,
780 4105 913 4150 testantur
926 4095 1054 4166 epistolae
1072 4097 1134 4152 Vol.
1149 4097 1169 4151 Ι.
1222 4083 1356 4179 lnclyla
1373 4110 1479 4178 quam
1496 4087 1606 4177 possit
1621 4088 1830 4158 meritorum
1846 4091 1937 4162 fama
1955 4107 2098 4163 luorum

275 4187 303 4244 p.
316 4171 377 4224 761.
395 4167 460 4224 coll.
477 4187 505 4242 p.
515 4168 567 4220 952
581 4177 608 4218 et
620 4165 680 4219 989.

264 4329 464 4424 Philippus
489 4323 711 4402 Melanthea
736 4325 859 4398 lolio
885 4319 1073 4421 Pflssplt.

1273 4183 1448 4258 Occidere
1464 4189 1502 4257 io
1520 4189 1680 4280 populis,
1707 4193 1789 4266 Dux
1807 4189 2007 4275 Friderice‚
2031 4194 2114 4266 tuis.
2174 4189 2177 4194 ¹

1221 4286 1521 4372 Aureaviderunt
1537 4287 1603 4360 hac
1620 4307 1740 4381 gentes
1755 4293 1892 4379 secula,
1918 4298 2018 4386 regni

1272 4391 1367 4462 Dum
1384 4393 1451 4463 tibi
1468 4391 1633 4463 Saxonici
1647 4409 1782 4488 sceptra
1798 4409 1919 4468 tenere
1932 4401 2055 4468 datum
2072 4411 2133 4470 est.

174 4501 280 4572 Forte
295 4497 431 4594 equites
442 4497 536 4594 Mysi
549 4499 726 4590 quendam
742 4496 922 4566 celebrant
931 4489 1168 4595 hymenaeum
1222 4493 1312 4564 Pace
1328 4495 1400 4563 frui
1418 4495 1553 4584 placida
1569 4497 1753 4589 campique
1768 4500 1944 4591 urbesque
1960 4501 2133 4582 solebant,

171 4603 291 4697 Atque
306 4602 440 4693 agitant
455 4599 618 4671 convivia
636 4599 740 4682 laeti,
765 4611 800 4667 et
815 4597 940 4688 pocula
956 4609 1101 4682 certant,

172 4704 280 4776 More
293 4705 481 4798 peregrino
495 4697 678 4771 Thracum
693 4701 823 4770 siccare
840 4697 1007 4768 vicissim.

170 4805 235 4878 Me
253 4808 440 4890 miserum,
464 4805 539 4896 ipsa
555 4827 616 4872 sua
632 4825 798 4892 germana
813 4801 984 4869 modestia
1002 4801 1084 4886 sede

169 4905 320 4996 Exulat,
345 4923 380 4980 et
395 4909 499 4978 luxus
517 4905 685 4974 virtutem
703 4903 805 4972 eiecit
819 4901 961 4975 avitam.

168 5009 241 5081 Hic
257 5011 322 5082 ubi
337 5009 505 5082 convivas
521 5010 615 5078 inter
630 5003 833 5076 doctissime
846 5001 926 5087 Iuli,

169 5111 317 5204 Agnovi
334 5111 522 5194 iuvenem,
548 5123 663 5180 vestro
681 5105 910 5198 cognomine,
936 5103 1085 5188 clarum,

170 5214 311 5310 Inclyta
328 5215 422 5284 lama
437 5229 518 5285 tuae
533 5211 674 5284 virtutis
691 5209 805 5302 cogit,
831 5209 993 5280 utillum

1272 4593 1461 4666 Horrenda
1478 4595 1639 4668 extimuit
1654 4599 1796 4671 classica
1811 4601 1910 4670 nulla
1928 4623 2050 4686 nunes,

1222 4699 1321 4770 Bella
1336 4698 1397 4766 alii
1412 4699 1525 4778 ferro,
1555 4702 1614 4767 sed
1631 4713 1669 4769 tu
1685 4701 1824 4771 ratione
1837 4705 1993 4791 gerebas.
2091 4771 2098 4788 ,

1272 4797 1319 4872 Et
1336 4801 1413 4870 sine
1429 4801 1464 4869 vi
1482 4799 1563 4868 victi
1579 4825 1681 4892 saepe
1697 4806 1824 4872 dedere
1839 4827 1977 4878 manus.

1222 4902 1370 4994 lngenio
1388 4904 1500 4972 claros
1514 4905 1672 4974 meruisti
1690 4929 1793 4996 saepe
1809 4900 2023 4996 triumphos,

1273 5005 1460 5098 Militeque
1476 5001 1572 5074 haud
1587 5007 1662 5078 ullo
1676 5008 1742 5076 lixa
1759 5003 1924 5096 trophaea
1943 5007 2023 5080 tibi.

1219 5103 1268 5178 Et
1282 5107 1377 5198 pacis
1392 5107 1519 5176 studiis
1533 5107 1679 5196 florere,
1706 5133 1746 5178 ac
1762 5107 1898 5178 artibus
1915 5111 2021 5179 urbes

1270 5207 1429 5297 Contigit
1446 5209 1621 5298 auspicio,
1646 5207 1728 5280 Dux
1743 5207 1944 5298 Friderice,
1970 5225 2043 5287 tuo.

167 5315 409 5410 Compellem,
433 5329 557 5385 contra
573 5339 628 5382 me
643 5315 803 5404 ignotum
818 5325 963 5396 tractat,
990 5305 1168 5405 habetque
1191 5361 1194 5400 ,
1218 5311 1354 5383 Fovisti
1370 5326 1502 5402 spretas
1519 5303 1584 5378 bac
1599 5323 1803 5401 tempestate
1817 5309 2025 5399 Camasenae,

168 5417 352 5506 Comiter,
378 5431 567 5492 etmecum
582 5437 761 5486 sermones
779 5413 942 5499 miscuit,
969 5426 1090 5508 estque
1189 5405 1194 5484 l
1271 5411 1406 5486 Unicus
1424 5411 1601 5500 etstudiis
1618 5413 1771 5504 praemia
1790 5417 1896 5506 digna
1914 5419 2033 5490 dabas.

666 5747 687 5784 Χ

1509 5509 1592 5584 82*
