4906 5986
250 257 299 360 ss
402 217 861 378 ulets'ronaaou,
914 243 1300 322 tuorcroauu
1338 243 1846 344 arsoateroxuu
1895 237 2134 373 mariv.
2236 242 2289 320 sc

256 452 354 513 mus,
381 427 448 510 ita,
474 437 514 494 ut
529 423 669 516 agnosci
686 422 834 515 possint.
886 418 957 505 Sed
975 419 1107 529 quibus
1122 419 1251 490 desunt
1300 441 1383 491 nem
1398 444 1464 512 pro
1476 443 1576 497 more
1591 419 1753 508 dictabo,
1782 423 1903 500 etnbi
1919 423 2121 508 videbitur,
2146 415 2294 517 {aliquid

258 524 519 601 codices'facite
540 537 688 618 ‘possunt
716 521 864 614 singulis
889 521 1096 612 septimanis
1120 542 1250 614 paucos
1302 521 1548 604 adds'mus.-·-·

256 629 453 702 'versiculos
469 627 678 697 describere.
730 624 818 698 Cras
834 619 967 696 hored.
986 627 1052 700 deo
1069 626 1176 696 dante
1187 622 1252 700 in-

261 733 389 830 cipiam
408 731 680 802 enarrationem.

1206 965 1210 978 ,
1238 1005 1244 1016 .
1315 887 1381 965 No.
1399 889 1512 971 7078.

1314 985 1526 1030 Μ

262 1153 297 1237 N
1533 1072 1551 1164 Ῐ
1659 1075 1942 1194 (Studiosis.)

268 1165 464 1293 Q·
1083 1193 1255 1282 ΞΖ
1406 1235 1813 1312 emanassent».

619 1356 910 1479 (Siudwffli
1307 1388 1487 1466 Decanus
1517 1391 1668 1493 collegii
1686 1391 1894 1496 facultatis
1922 1393 2073 1472 artium.
2099 1399 2223 1489 aqna
2249 1433 2302 1454 -

333 1542 371 1596 aa
389 1541 477 1600 areca
495 1539 619 1600 anaor.
636 1560 683 1597 aa.
697 1539 813 1596 xxxx.
831 1539 931 1610 (aare.
945 1555 961 1594 ι
977 1535 1149 1603 aeorum.)
1656 1503 1711 1568 An
1731 1501 1954 1588 Memnona)

345 1719 352 1736 .
440 1716 447 1733 .
691 1714 699 1732 .
851 1714 859 1732 .
1159 1709 1167 1728 .
1310 1631 1359 1720 Si
1375 1666 1479 1736 saepe
1494 1657 1529 1715 et
1544 1642 1681 1736 integre
1692 1658 1835 1736 possent
1847 1645 1983 1738 reposci
1998 1647 2128 1720 dictata
2144 1625 2306 1718 in‘scho-

267 1715 467 1790 mmmm
499 1711 542 1787 P·
577 1709 641 1792 M·
683 1741 723 1785 ἠ
757 1725 961 1786 mmmm
1001 1707 1184 1783 [mmm
1217 1705 1260 1782 δ’
1309 1751 1353 1820 lis
1370 1760 1404 1818 et
1418 1760 1577 1818 accurate
1592 1749 1784 1818 examinari
1798 1749 2056 1836 adolescentes,
2089 1749 2308 1830 multoma-

319 1821 462 1892 actione
488 1817 560 1890 itta
587 1814 842 1918 transferendi
869 1814 1032 1886 muneris
1055 1809 1210 1914 publici.
1310 1851 1362 1942 δὴ
1392 1849 1562 1940 florerem
1588 1848 1717 1933 stud-ra·
1775 1847 2066 1922 circumdaretur
2094 1853 2190 1920 enim
2219 1875 2308 1922 cum

167 1989 170 1994 '
269 1959 363 2050 Cras
382 1971 458 2044 Deo
474 1973 581 2044 dante
606 1968 783 2042 inchoabo
806 1970 1068 2044 enarrationem
1089 1969 1261 2040 orationis
1311 1951 1594 2070 ³⁴¹⁰l⁸⁸⁰⁰¹tlib¹¹⁸
1608 1953 1782 2023 reddendi
1795 1965 1828 2023 et
1843 1975 1933 2047 qnae
1947 1954 2100 2025 audiunt
2116 1967 2151 2024 tt
2165 1953 2307 2047 perspi-

271 2075 467 2148 Isocrateae
491 2069 653 2168 περὶτῆς
669 2063 910 2158 ἀντιδόσεως,
946 2073 985 2140 in
1013 2095 1081 2165 qua
1097 2072 1195 2141 utilis
1209 2083 1262 2142 est
1312 2077 1386 2172 ⁶1¹²·
1401 2053 1647 2172 0¹P¹¹⁰³¹¹ffi·f
1672 2049 1770 2124 Hm
1792 2055 2126 2146 ‘⁰¹³.d51580ss²i³m
2149 2070 2308 2148 pamfli,

269 2177 577 2260 commemoratio,
611 2177 708 2270 quod
730 2197 842 2265 genus
863 2175 1046 2245 literarum
1068 2185 1105 2242 et
1123 2172 1262 2244 studio-
1313 2169 1347 2277 ft
1376 2178 1451 2248 tpsa
1480 2157 1667 2273 exploratio
1696 2172 1837 2276 asperet
1859 2157 2003 2234 iudicia.
2062 2155 2177 2249 Mag'n
2204 2158 2307 2230 enim

269 2305 349 2350 rum
367 2281 552 2371 praecipue
564 2279 676 2368 prosit
689 2277 910 2362 civitatibus,
936 2300 976 2345 ac
991 2275 1101 2345 multa
1118 2275 1168 2344 ibi
1184 2297 1263 2365 gra-
1314 2259 1507 2376 ¹¹¹¹f³¹¹d¹¹¹¹i
1538 2280 1574 2325 se
1597 2281 1708 2328 anrmr
1731 2284 1771 2333 m
1800 2283 1857 2346 ea,
1885 2283 1975 2352 quae
1999 2283 2102 2354 quase
2121 2274 2310 2352 gignentes

270 2374 1107 2452 vissimedicunturdehonestisetiustisoificiis.
1143 2374 1263 2465 Quare
1314 2361 1393 2479 alhs
1413 2371 1611 2450 0¹P⁰¹¹¹¹nia
1646 2383 1751 2478 quam
1776 2373 2023 2480 quaeotantum
2044 2363 2191 2435 auribus
2212 2355 2309 2432 hau-

272 2507 374 2576 spero
391 2507 466 2552 eam
488 2483 687 2552 orationem
704 2482 873 2552 studiosis
894 2480 1119 2574 profuturam
1138 2492 1173 2550 et
1186 2477 1263 2570 pla-
1313 2474 1428 2579 tfflmg
1476 2457 1630 2550 ,Μθῦθΰῑ
1656 2475 1760 2532 eilflm
1779 2487 1940 2582 exanima
1962 2465 2198 2536 adole-*tentet
2215 2465 2307 2558 quid

272 2587 420 2656 cituram
436 2605 520 2658 esse.
559 2579 853 2654 Proindehortor
867 2583 1064 2666 auditores,
1089 2605 1135 2665 ne
1149 2579 1264 2671 pigeat
1314 2586 1500 2682 Ρΐξθθψΰῑ
1512 2564 1700 2682 θῦδθξνθῐθ
1715 2577 1748 2636 et
1762 2565 1965 2636 meminisse
1980 2567 2140 2640 debeant.
2180 2563 2310 2636 Collo-

273 2709 490 2778 eosoperam
506 2685 678 2756 collocare
692 2684 731 2758 iu
748 2685 993 2778 cognoscendo
1009 2683 1180 2777 scriptore
1195 2683 1264 2752 im·
1314 2689 1437 2762 q1¹¹¹1¹¹¹
1462 2688 1546 2735 V⁰f⁰
1561 2664 1625 2736 ²¹¹1
1638 2663 1842 2738 facundiam
1858 2681 1893 2740 et
1907 2667 2010 2740 affert
2032 2668 2213 2762 quandam
2226 2669 2313 2738 ani·

271 2790 398 2883 primis
413 2788 495 2858 utili
505 2799 540 2860 et
552 2778 788 2884 Eloquentiae
798 2801 832 2862 et
846 2785 1050 2860 continente
1065 2810 1124 2858 res
1137 2785 1264 2876 dignas
1313 2769 1364 2838 mi
1384 2766 1629 2836 c⁰ss⁸²³¹¹lim
1679 2765 1769 2838 Nam
1795 2769 2310 2863 quinonsuntassuefaetiad

272 2891 485 2983 cognitione,
716 2881 718 2889 '
1068 2952 1072 2960 ¹
1195 2959 1201 2964 Ι
1313 2869 1622 2960 respondendum,
1652 2868 1682 2938 si
1699 2869 1761 2964 qui
1773 2867 2057 2962 interrogantur,
2087 2871 2200 2944 veluti
2211 2884 2309 2944 atto-

1314 2971 1380 3042 niti
1409 2971 1675 3058 obmutescunt,
1716 2985 1750 3044 et
1781 2973 1926 3065 quidam
1953 2973 2065 3044 animi
2098 2973 2311 3047 contusione

1313 3069 1575 3166 impediuntur,
1603 3085 1647 3142 ut
1662 3097 1707 3142 ne
1722 3073 1868 3168 quidem
1884 3069 2041 3166 accipere
2058 3089 2093 3148 et
2108 3073 2310 3166 intelligere

1314 3175 1469 3268 possint,
1510 3195 1601 3266 quae
1631 3189 1894 3268 proponuntur.
1962 3174 2128 3272 Denique
2162 3175 2310 3248 nullum

272 3322 328 3397 No
355 3319 456 3396 7077
911 3343 914 3348 .
1135 3361 1189 3376 ,-
1213 3359 1264 3378 .-
1315 3276 1469 3348 exercitii
1505 3297 1616 3364 genus
1648 3289 1701 3347 est
1733 3277 1877 3366 utilius,
1919 3279 2126 3372 praesertim
2165 3293 2311 3350 tenerae

281 3369 468 3450 ...ὲν-,ι’
1127 3421 1260 3451 Μ
1314 3379 1438 3458 aetati,
1472 3401 1577 3470 quam
1600 3377 1772 3450 examina.
1822 3377 2016 3474 Indignum
2038 3393 2091 3453 est
2107 3383 2313 3454 unumde—

652 3521 710 3612 δέ
741 3522 794 3610 d.
853 3522 862 3542 ·
984 3481 992 3504 ¹
1314 3477 1462 3550 siderari
1479 3477 1516 3549 in
1533 3473 1653 3570 schola
1674 3479 1905 3574 praecipuum
1921 3484 2078 3556 exercitii
2091 3506 2222 3575 genus,
2245 3483 2309 3554 id-

567 3585 572 3592 '
632 3517 651 3636 (
709 3553 739 3610 u
763 3516 915 3682 ΨΜ)
1195 3593 1199 3601 “
1315 3608 1383 3678 que
1398 3581 1469 3652 scio
1492 3591 1593 3672 saepe
1613 3605 1633 3650 a
1654 3583 1766 3655 doctis
1789 3583 1875 3654 viris
1890 3585 1928 3656 in
1951 3579 2018 3656 hac
2032 3583 2224 3658 Academia
2240 3586 2311 3658 de-

341 3701 379 3758 a«
397 3699 486 3756 aierit
503 3697 623 3758 tttseett.
641 3715 690 3754 ιο.
714 3695 798 3751 tht.
827 3695 927 3764 (deser.
942 3715 959 3752 a
976 3695 1146 3770 Fauiam.)
1184 3699 1265 3773 apo·
1315 3683 1468 3777 plorari,
1500 3705 1540 3752 ac
1561 3681 1599 3752 in
1618 3685 1723 3756 turba
1748 3709 1793 3754 ne
1806 3701 1955 3778 possunt
1970 3687 2115 3782 quidem
2128 3687 2167 3758 in
2183 3687 2310 3780 publi-

311 3832 315 3842 .
376 3773 499 3844 graptou
517 3773 547 3826 ἱ·
564 3769 626 3826 ⁸⁰⁶·
645 3765 788 3824 ΜΨ·
806 3764 918 3838 P·⁵³”·
1315 3788 1365 3882 cis
1391 3783 1604 3856 lectionibus
1638 3809 1762 3856 omnes
1789 3787 1926 3880 integre
1951 3789 2159 3866 examinari.
2208 3787 2309 3862 ,Ideo

290 3938 295 3952 .
322 3934 349 4016 1
401 3945 408 3962 ,
447 3904 452 3914 ·
490 3893 505 3962 “,
546 3937 585 4016 P
616 3936 675 4017 M
716 3939 725 3958 .
773 3935 827 4009 rb
912 3932 1039 4008 Aa!
1078 3935 1147 4011 dis
1172 3935 1216 4012 de
1315 3890 1444 3980 gradus
1466 3887 1571 3958 etiam
1597 3887 1752 3958 instituti
1774 3885 1939 3979 suerunt,
1970 3905 2012 3963 ut
2029 3891 2311 3964 adolescentium

298 4029 303 4036 ·
350 3952 523 4016 numm
580 3995 591 4020 ⁶
670 3961 911 4123 '134an
971 3963 1023 4009 m
1040 3948 1077 4010 οι
1315 3990 1476 4062 doctrina
1493 3989 1597 4059 certis
1613 3989 1811 4060 intervallis
1824 3993 2036 4084 exploretur.
2087 3987 2221 4066 Aenos
2235 3994 2311 4086 ipsi

811 4164 815 4180 ,
1054 4117 1057 4124 ’
1316 4091 1570 4184 comperimus,
1595 4090 1756 4161 examina
1767 4091 1807 4161 in
1820 4097 1933 4183 gradu
1944 4095 2139 4188 magisterii
2152 4097 2311 4167 multum

274 4187 459 4270 Absolute
485 4192 554 4266 hoc
576 4195 689 4287 capite
709 4189 974 4263 Problematum
998 4193 1036 4262 in
1056 4185 1265 4286 quohacte'-
1315 4196 1359 4266 ad
1381 4193 1562 4263 excitanda
1579 4191 1695 4262 studia
1711 4193 1790 4284 opis
1805 4197 1974 4271 attutisse.
2028 4195 2076 4270 Ut
2098 4198 2207 4290 igitur
2227 4221 2311 4268 saa·

181 4349 190 4372 .
275 4321 344 4373 nus
361 4299 488 4369 versati
504 4319 644 4382 sumus,
678 4295 837 4387 proxime
851 4293 1018 4384 incipiam
1034 4289 1111 4364 Deo
1125 4295 1266 4368 volente
1315 4297 1396 4387 pius
1417 4294 1532 4363 audiri
1557 4287 1756 4365 scholastici
1774 4297 1910 4387 possint
1931 4299 2035 4370 etiam
2053 4293 2208 4392 primum
2222 4323 2308 4392 gra·

275 4425 439 4472 enarrare
465 4398 641 4470 Graecum
664 4395 867 4468 Aristotelis
888 4395 1071 4484 libellum,
1104 4396 1266 4468 cuititu-
1315 4401 1400 4468 dum
1415 4395 1576 4488 cupimus
1592 4395 1662 4486 peti
1677 4396 1908 4491 frequentius.
1939 4399 2097 4473 Tenerae
2111 4402 2214 4473 aetati
2229 4425 2311 4472 ma—

275 4505 349 4573 lum
371 4503 454 4572 iecit
477 4504 519 4570 de
542 4497 695 4573 Mundo.
747 4495 873 4567 Brevis
894 4511 947 4568 est
970 4511 1005 4584 et
1021 4497 1159 4588 elegans
1175 4493 1265 4592 Epi·
1314 4499 1407 4570 xime
1426 4511 1478 4568 est
1501 4521 1591 4589 opus
1614 4491 1684 4567 hoc
1707 4497 1785 4590 ipso
1806 4501 1970 4576 exercitio
1995 4505 2033 4573 in
2059 4504 2103 4573 iis
2120 4504 2309 4575 elementis

274 4619 370 4675 tome
384 4606 428 4672 de
443 4601 620 4686 Planetis,
644 4600 761 4684 A‘e're,
786 4597 976 4682 Meteoris,
1008 4597 1119 4670 Terra
1135 4613 1169 4672 et
1181 4624 1265 4692 par·
1314 4601 1464 4685 artium,
1491 4623 1582 4694 quae
1597 4599 1751 4688 primum
1769 4601 2002 4676 inculcandae
2016 4620 2119 4694 sunt,
2140 4605 2312 4678 videlicet

274 4705 370 4776 tibus
385 4703 518 4775 Terrae
535 4702 686 4800 ideoque
702 4725 867 4774 enarrare
889 4701 1047 4790 decrevi,
1080 4702 1163 4796 quia
1178 4726 1264 4794 pro-
1314 4703 1354 4772 in
1376 4696 1626 4772 Grammaticis
1648 4715 1685 4772 et
1706 4699 1910 4782 dialecticis.
1970 4702 2047 4779 imo
2068 4703 2138 4780 hoc
2158 4731 2312 4780 examen

274 4810 463 4901 pernodum
480 4803 674 4878 Methodus
692 4807 862 4902 quaedam
879 4819 949 4890 est,
975 4827 1045 4897 qua
1060 4799 1210 4900 Physic'e
1224 4804 1264 4874 in
1313 4803 1411 4876 velut
1442 4794 1645 4898 nonaginta
1671 4827 1745 4876 esto
1778 4807 1885 4881 dehet
1911 4809 2019 4884 etiam
2054 4809 2312 4883 ecclesiastieae

229 4955 239 4974 .
272 4911 423 4981 brevem·
433 4913 606 4980 summam
624 4922 802 4982 contracta
818 4917 880 4976 est.
914 4901 1075 4978 Libellus
1085 4905 1130 4978 ad
1145 4928 1262 4996 regem
1312 4905 1505 4978 doctrinae.
1558 4901 1889 4982 Animadvertimus
1904 4912 1998 4982 enim
2013 4911 2051 4981 in
2068 4911 2311 4984 tantaiuven·

272 5003 515 5083 Alexandrum
547 5011 697 5103 scriptus
728 5015 814 5082 est.'
854 5003 975 5096 Quare
1002 5007 1031 5078 si
1053 5003 1263 5079 Aristoteles
1312 5005 1398 5080 tutis
1419 5001 1555 5077 incuria
1579 5017 1613 5078 et
1638 5003 1851 5100 negligentia
1873 5013 2310 5106 multossanegrandiua-

272 5109 339 5184 hoc
363 5114 534 5208 scriptum
559 5115 706 5204 dignum
724 5110 863 5206 putavit
884 5131 965 5200 rege
986 5109 1167 5196 omnium,
1199 5111 1262 5204 qni
1311 5111 1411 5182 culos
1428 5107 1597 5202 pleraque
1613 5107 1752 5208 pietatis
1769 5114 1945 5186 elementa
1959 5115 2106 5194 nescire.
2157 5109 2223 5188 Est
2238 5141 2310 5188 an-

270 5242 429 5311 unquam
462 5217 628 5301 fixerunt,
675 5211 978 5307 ingeniosissimo,
1018 5235 1084 5285 noa
1118 5235 1262 5306 quoqne
1312 5226 1382 5284 tem
1397 5205 1504 5282 officii
1517 5209 1996 5308 nostrioccurrerepublicae
2010 5219 2178 5305 inertiae,
2204 5243 2308 5290 eam-

269 5321 417 5412 diguum
433 5341 505 5388 esse
530 5329 649 5388 nostra
670 5320 823 5389 lectione
842 5309 1018 5405 prusenus.
1068 5312 1261 5387 Noevdbis
1311 5337 1381 5409 qne
1403 5313 1592 5384 emendare
1615 5314 1746 5407 quibus
1766 5320 1953 5410 possumus
1975 5323 2110 5408 modis,
2143 5321 2307 5395 nectalia

266 5434 369 5512 turpe
391 5435 442 5492 est
465 5421 553 5493 tanti
576 5419 668 5510 regis
690 5415 954 5510 condiscipulos
976 5423 1061 5530 esse
1101 5413 1262 5488 'Versio-
1312 5415 1369 5488 via
1389 5426 1442 5486 cst
1459 5413 1533 5484 nisi
1549 5413 1709 5507 integrae
1734 5415 1916 5494 doctrinae
1945 5417 2142 5519 expassus
2202 5417 2310 5501 Haec
