4888 5962
215 425 325 520 Quod
359 451 446 500 vero
477 429 528 499 de'
555 430 713 502 naturali
745 431 874 500 ordine
906 425 1099 500 humorum

109 531 270 624 quaeris,
296 532 533 604 consideratio
555 533 670 624 digna·
685 546 740 604 est
761 527 908 604 homine
928 531 1106 603 studiosos

108 631 263 703 Moveor
279 645 397 703 autem
419 635 594 705 vocabulo
618 630 810 730 θρομβὸς,
836 649 877 706 ιιι
900 634 1095 704 existimem

105 727 206 804 hunc
222 735 388 805 sudorem
404 735 658 809 resolutionem
675 736 784 807 luisse
805 737 915 808 totius
937 733 1096 828 corporis

62 857 65 862 ·
104 835 339 926 langueiacti,
365 849 400 908 et
414 837 487 909 iam
503 833 636 910 hiantis
664 851 698 908 et
721 836 927 930 dissipantis
951 836 1097 928 sangui-

104 963 209 1024 nem,
234 951 408 1010 etomnes
425 939 529 1012 vires.
580 938 694 1011 Nobis
709 939 849 1010 facilius
864 955 934 1024 est,
959 941 1004 1009 de
1027 941 1095 1009 do-

104 1041 245 1132 loribus
261 1041 401 1114 usitatis
415 1055 451 1113 et
463 1041 659 1140 levioribus
673 1042 787 1136 loqui,
808 1043 846 1111 in
863 1043 994 1137 quibus
1008 1041 1094 1134 ipsis

102 1156 225 1214 tamen
241 1165 348 1238 quam
364 1143 476 1213 multa
493 1145 659 1214 accidunt
674 1144 878 1216 contraria?

207 1257 298 1331 Cum
323 1273 441 1332 autem
466 1255 554 1332 haec
577 1247 763 1354 explicatio
789 1261 932 1354 longius
955 1273 1092 1352 tempus

100 1363 281 1457 requirat,
308 1361 396 1432 alias
413 1375 447 1434 et
463 1385 527 1454 ego
544 1377 578 1436 et
595 1377 634 1434 tu
650 1386 730 1434 cum
750 1365 891 1450 amicis,
916 1363 1003 1432 viris
1025 1366 1092 1432 do-

99 1465 282 1550 ctissimis,
322 1461 550 1556 Theologicis
582 1479 618 1538 et
650 1463 822 1552 Medicis,
865 1467 1089 1538 disseremus.

99 1569 174 1639 Sed
188 1567 264 1638 sint'
282 1561 348 1637 hae
364 1567 641 1658 disputationes,
665 1580 706 1637 nt
729 1569 823 1654 diri,
848 1568 1006 1651 sobriae,
1030 1590 1093 1635 ve-

102 1671 300 1755 recundae,
326 1681 361 1740 et
375 1669 470 1761 piae:
495 1683 583 1741 etnt
598 1683 681 1740 ante
695 1669 831 1741 dictum
855 1683 924 1755 est,
958 1669 1002 1737 de
1024 1671 1092 1738 ob—

99 1774 195 1842 iecto
217 1772 323 1841 ctiam
346 1771 559 1862 cogitemus,
591 1784 626 1841 et
646 1772 691 1842 de
712 1771 922 1840 admiranda
942 1765 1091 1839 humili-

99 1889 174 1945 tate
191 1869 346 1953 Christi,
379 1873 607 1966 quiquidem
630 1887 666 1944 et
686 1896 751 1942 suo
775 1873 935 1966 exemplo
952 1895 1018 1940 sios
1034 1872 1091 1938 in-

98 1977 210 2058 vitat,
251 1990 290 2045 ut
314 1997 380 2043 nos
410 1975 630 2050 abiiciamus.
691 1974 859 2047 Sinamus
880 1974 1095 2064 Pompeium

98 2077 462 2162 ardereasnbitione,
495 2077 558 2170 qui
583 2076 825 2149 delectabatur
848 2071 917 2148 hoc
940 2073 1090 2145 Homeri

96 2179 292 2250 versiculo:

180 2293 248 2360 ata
268 2290 455 2378 ἀριστεύειν,
487 2291 538 2356 rel
559 2287 723 2375 ὑπείροχον
744 2289 870 2376 ἔμμεναι
892 2288 1005 2357 ἄλλων.
1066 2341 1072 2346 -

200 2409 250 2484 Et
272 2437 451 2485 summum
474 2413 610 2483 honum
633 2413 668 2481 id
695 2397 807 2483 untim
832 2415 997 2506 putabat,
1024 2437 1089 2482 an-

95 2517 262 2589 tecellere
275 2516 445 2585 omnibus
459 2517 598 2586 civibus
615 2513 740 2605 gloria.
786 2513 859 2584 Nos
879 2541 961 2585 vero
976 2529 1010 2584 et
1029 2540 1089 2583 ex·
1124 2565 1128 2575 .

96 2619 256 2711 emplum
275 2613 410 2688 Christi
433 2618 635 2700 imitemur,
661 2631 695 2686 et
718 2640 839 2686 vocem
869 2619 943 2686 eius
965 2619 1089 2687 attidia-
1124 2643 1126 2651 ·

95 2745 200 2806 mus,
224 2721 263 2788 in
280 2745 349 2814 qua
365 2719 467 2790 dicit:
496 2717 628 2790 Discite
647 2741 667 2788 a
684 2743 759 2804 me,
784 2721 868 2814 qnia
884 2719 981 2788 mitis
1000 2743 1089 2804 sum,

93 2837 130 2893 et
148 2818 298 2892 humilis
315 2824 432 2904 corde.
484 2819 581 2895 Dixi.

740 3227 741 3232 r
860 3197 1088 3320 ,Q‚

164 3409 197 3463 ln
220 3407 383 3487 Quaestion.
406 3423 435 3475 p.
451 3405 496 3486 ⁶l·
519 3415 546 3459 et
563 3403 591 3458 in
613 3401 782 3459 Declsmstt.
802 3403 884 3460 Tem.
900 3404 950 3462 lll.
974 3405 1087 3466 Erlord.

199 3477 251 3533 l'ol.
265 3481 298 3531 Α.
333 3473 594 3541 (Rsehsrdmsbsnc
608 3481 709 3544 quaest.
724 3491 783 3528 non
798 3474 897 3544 babet.)

93 3637 276 3720 Qstaests'o
304 3629 353 3704 de
367 3633 560 3703 Pausania
574 3633 675 3724 Repe
690 3625 1087 3724 Lacedaemoniorum,

86 3741 287 3830 proposita
303 3757 327 3805 a
340 3737 395 3806 M.
410 3731 588 3806 ,sebast
606 3733 774 3802 Gloser
797 3735 838 3801 tn
856 3735 1087 3822 promtiore

287 3839 585 3935 Mapistrortsm,
613 3831 647 3906 1.
662 3835 766 3924 Sept.
788 3831 893 3907 tata.

87 3965 186 4053 Scio
212 3976 260 4045 ob
287 3969 380 4044 hanc
401 3995 542 4042 causam
561 3969 667 4040 nobis
689 3968 832 4038 decerni
855 3963 923 4038 hos
943 3971 1083 4060 maedus,

86 4095 130 4152 ut
151 4101 227 4148 non
242 4091 381 4148 tantum
396 4075 541 4163 ingenio
552 4088 587 4144 et
602 4071 783 4142 doctrinae
791 4067 969 4140 Ecclesiae
977 4067 1084 4142 Chri-

85 4183 138 4253 sti
163 4205 204 4248 ac
222 4177 456 4272 Reipublicae
477 4174 732 4258 inserviamus,
766 4196 889 4241 verum
914 4187 954 4244 ut
979 4174 1084 4244 etiam

86 4282 289 4354 modestiae
319 4293 426 4374 atque
458 4275 680 4347 obedientiae
713 4274 873 4366 exemplo
907 4275 1084 4348 iuventuti

87 4385 291 4480 prosimus,
325 4396 360 4451 et
379 4393 420 4451 ut
444 4379 557 4450 nostri
576 4401 691 4447 mores
712 4375 792 4445 aliis
818 4377 919 4469 quasi
940 4378 1083 4467 praela-.-

88 4500 209 4560 ceant.
260 4481 343 4554 Non
358 4481 453 4552 enim
468 4505 525 4550 me
539 4480 652 4568 fugit,
675 4499 781 4572 qnam
796 4478 993 4570 perniciose
1008 4505 1084 4548 me-

87 4603 243 4662 reantur
267 4587 312 4655 de
333 4581 491 4654 Ecclesia
510 4594 545 4650 et
567 4579 787 4672 Republica,
812 4579 874 4672 qui
897 4595 937 4649 ut
958 4578 1083 4650 Cicero

86 4694 161 4770 ait,
188 4715 265 4760 non
288 4688 407 4756 minus
430 4683 585 4775 graviter
606 4681 786 4772 esensplo,
810 4706 916 4772 quam
941 4699 1083 4773 peccato

89 4807 239 4866 nocent.
291 4787 384 4860 Cum
407 4787 517 4877 igitur
541 4781 631 4852 mibi
654 4797 690 4854 ct
712 4782 848 4870 legibus
864 4777 1024 4868 scholae,
1050 4799 1084 4854 et

87 4919 181 4968 voce
205 4905 472 4985 praeceptorum
490 4887 696 4968 mandetur,
720 4883 816 4955 utin
833 4878 1083 4956 hocconsessu

86 4997 230 5092 aliquid
249 4996 384 5064 dicam:
420 4991 539 5062 iudico
562 5011 637 5058 non
659 4985 794 5074 ingenii
817 5000 878 5056 ant
903 4987 1083 5058 doctrinae

87 5097 368 5172 ostentationem
382 5093 538 5186 aliquam
556 5085 647 5158 mibi
662 5088 877 5180 propositam
894 5111 978 5167 esse,
994 5111 1085 5180 quo.

85 5229 174 5274 rum
200 5213 381 5292 utrunque
403 5219 509 5288 quam
534 5193 572 5261 iu
599 5216 654 5260 me
678 5205 784 5259 tenue
808 5189 877 5274 sit,
905 5189 1083 5281 intelligo:

86 5305 163 5378 Sed
181 5299 427 5373 observantiae
443 5319 524 5386 erga
540 5304 782 5386 praeceptores
797 5305 902 5384 atque
915 5293 1085 5364 obedien-

90 5411 166 5482 tiae
177 5405 335 5476 ollicium
351 5427 370 5471 a
389 5423 442 5468 me
457 5398 558 5486 exigi,
575 5397 674 5470 cuius
693 5393 833 5482 lasudem
848 5392 952 5484 longe
966 5395 1085 5466 omui-

694 249 1120 357 ousnsrmsas
1150 239 1559 342 scenomata.

2065 251 2144 340 tta

1151 421 1218 490 bus
1234 417 1606 491 commendationibus
1619 417 1761 511 ingenii
1774 425 2040 515 pmelsrendam
2062 461 2141 510 esse

1150 523 1252 596 duco.
1312 517 1361 592 Et
1386 515 1453 592 hoc
1475 521 1676 614 exemplum
1698 537 1861 598 nestrum
1884 537 2001 604 stram
2020 542 2136 628 perti..

1148 648 1232 694 nere
1251 624 1298 692 ad
1323 623 1412 692 alios
1436 646 1578 716 quoque
1604 625 1842 699 adolescentes
1861 630 2066 710 invitandos
2088 645 2134 714 ad

1148 724 1389 796 obedientiam
1407 747 1486 813 erga
1499 723 1613 814 Leges
1626 739 1660 796 et
1679 724 1946 824 Praeceptoses..

1250 825 1345 916 Quia
1373 849 1459 896 vero
1480 826 1542 896 tali
1568 840 1728 918 tempore
1747 835 1971 924 quaestiones
1993 839 2135 937 aliquae

1146 927 1186 998 in
1199 923 1268 998 boc
1284 929 1363 998 loco
1379 927 1522 1000 tractari
1537 928 1671 1014 solent,
1696 931 1836 1003 decrevi
1853 948 1890 1006 et
1904 961 1968 1028 ego
1990 941 2024 1010 ei
2046 960 2134 1016 con-

1145 1031 1328 1100 suetudini
1360 1030 1518 1103 obedire.
1579 1026 1633 1100 Ac
1663 1035 1904 1124 quaestionem
1933 1065 2131 1134 proponam

1145 1132 1288 1222 dignam
1303 1131 1585 1202 consideratione
1599 1125 1785 1203 hominum
1796 1139 2030 1235 eruditorum,
2050 1171 2130 1218 cnm

1145 1247 1290 1326 propter
1311 1234 1530 1323 exemplum,
1561 1246 1637 1304 tum
1659 1258 1743 1304 vcro
1767 1249 1912 1330 propter
1929 1245 2060 1334 multa,
2086 1254 2132 1320 de

1144 1335 1275 1430 quibus
1289 1359 1354 1404 nos
1369 1336 1506 1406 utiliter
1521 1328 1607 1405 haec
1621 1329 1769 1407 historia
1785 1357 1918 1413 monet.

1244 1434 1336 1508 Cum
1361 1437 1448 1508 urbs
1466 1430 1688 1506 Athenarum
1703 1435 1803 1512 Duce
1822 1440 2007 1536 Lysandro
2028 1465 2129 1544 capta

1142 1553 1251 1626 esset,
1276 1551 1408 1608 munta
1421 1535 1656 1629 Reipublicae
1678 1541 1813 1624 lorma,
1839 1547 2022 1620 constituti
2047 1567 2134 1626 sunt

1143 1665 1163 1710 a
1178 1639 1469 1712 Lacedaemoniis
1484 1640 1678 1711 victoribus
1690 1642 1834 1732 triginta
1851 1643 2130 1742 Gubernatores,

1127 1781 1129 1789 v
1143 1743 1206 1836 qui
1224 1757 1341 1833 postea
1356 1741 1440 1812 lacti
1456 1755 1539 1812 sunt
1552 1739 1734 1836 Tyranni,
1760 1747 1928 1820 caedibus
1947 1767 1981 1824 ct
1995 1755 2131 1844 rapinis

1142 1845 1263 1915 omnia
1287 1857 1480 1924 vastantes,
1518 1843 1566 1914 ita
1593 1858 1633 1914 ut
1658 1840 1932 1920 Atheniensium
1966 1857 2130 1929 exulibus

1142 1961 1215 2017 tota
1234 1969 1323 2037 pene
1338 1942 1488 2016 Graecia
1503 1946 1706 2034 repleretur.
1729 1945 1865 2020 'Donec
1878 1957 2019 2024 tandem
2033 1981 2131 2030 nnus

1079 2075 1088 2092 ·
1125 2054 1184 2118 'ex
1199 2047 1311 2140 pulsis
1335 2046 1494 2131 civibus,
1517 2042 1766 2142 Thrasybulus
1787 2052 1947 2124 animum
1969 2059 2013 2127 ad
2036 2059 2128 2130 libe·

1125 2222 1128 2233 ,
1142 2152 1291 2220 rendam
1306 2149 1458 2240 patriam
1472 2148 1618 2232 adiecit,
1644 2149 1708 2242 qui
1721 2151 1865 2222 collecta
1879 2177 1987 2228 mann
2003 2183 2046 2231 ex
2060 2163 2130 2232 mi-

1124 2252 1229 2320 ?seris
1242 2249 1404 2344 reliquiis
1419 2248 1606 2340 dissipatae
1626 2251 1744 2338 urhis,
1771 2251 1961 2348 Tyrannus
1985 2261 2128 2350 invasit,

1124 2376 1272 2446 ,eosque
1299 2350 1407 2422 semel
1434 2363 1541 2444 atque
1569 2351 1699 2422 iterum
1732 2353 1864 2442 victos,
1901 2359 2129 2452 aSpartanis

1141 2455 1313 2526 auxilium
1328 2467 1447 2545 petere
1460 2447 1586 2542 coiigit.
1620 2449 1677 2522 Ad
1692 2447 1759 2524 hos
1774 2455 1885 2544 igitur
1896 2475 2014 2534 motus
2030 2489 2128 2537 com·

1141 2557 1348 2648 primendos
1364 2551 1555 2626 Pausanias
1570 2551 1648 2628 Rex
1665 2554 1862 2645 Spartanus
1876 2585 1956 2631 cum
1973 2569 2127 2642 exercitu
2190 2641 2195 2651 ,

1141 2657 1388 2750 proficiscitur.
1453 2652 1488 2724 ls
1513 2656 1820 2728 commiseratione
1846 2685 1926 2752 erga
1952 2669 2125 2759 populum

1141 2760 1298 2844 exsilem,
1339 2769 1376 2826 et
1408 2755 1502 2828 tristi
1532 2759 1700 2848 adspectu
1732 2761 1994 2836 adflictissimae
2027 2771 2127 2842 urbis

1140 2873 1277 2945 motus,
1303 2857 1484 2953 Tyrannis
1498 2882 1540 2928 es
1553 2861 1643 2928 urbe
1657 2861 1786 2950 pulsis,
1813 2865 1961 2954 patriam
1985 2869 2123 2941 miseris

1140 2961 1277 3032 civibus
1310 2960 1477 3034 reddidit.
1543 2957 1707 3055 Tyranni
1739 2987 1843 3050 vero,
1884 2969 2038 3056 praecisa
2066 2995 2128 3063 spe

1123 3063 1262 3134 'auxilii
1278 3061 1465 3152 Spartani,
1489 3083 1570 3131 cum
1585 3061 1659 3132 suis
1675 3063 1804 3154 opibus
1825 3067 1959 3138 bellum
1981 3095 2125 3163 repara-

1140 3179 1238 3249 rent,
1259 3163 1399 3234 insidiis
1422 3162 1674 3246 circumventi,
1706 3167 1954 3240 tmcidantur..
1992 3171 2127 3246 Pausa·

1139 3268 1218 3338 nias
1239 3267 1386 3336 domum
1409 3285 1588 3350 reversus,
1620 3265 1659 3333 in
1683 3265 1856 3340 iudicium
1892 3285 2035 3344 vocatus
2062 3291 2127 3364 est,

1139 3383 1325 3460 propterca
1347 3367 1443 3459 qnod
1462 3364 1671 3459 Tyrannus,
1698 3369 1811 3440 socios
1826 3371 2125 3450 Lacedaemonio-

1123 3493 1218 3544 .rum
1235 3468 1428 3538 deseruisse
1449 3467 1645 3553 videretur,
1670 3465 1719 3542 Et
1740 3487 1815 3544 acta
1839 3490 1890 3548 est
1913 3470 1999 3548 haec
2019 3503 2123 3553 eausa

1138 3592 1266 3660 magna
1282 3569 1528 3652 contentione,
1553 3591 1594 3638 ac
1615 3572 1820 3658 cognitione
1840 3577 1953 3656 facta,
1978 3581 2124 3652 absolu-

1137 3687 1194 3742 tus
1211 3685 1262 3742 est
1277 3668 1466 3741 Pausanias
1482 3667 1521 3740 iu
1536 3669 1691 3750 iudicio,
1716 3671 1754 3740 iu
1777 3697 1849 3766 quo
1874 3699 1975 3766 pares
1995 3681 2123 3752 calculi

1136 3775 1304 3856 fumant,
1339 3793 1463 3842 eorum
1489 3769 1553 3863 qui
1586 3771 1818 3846 absolvebant
1843 3782 2121 3869 quatuordecim,

1137 3890 1171 3946 et
1187 3875 1312 3945 itidem
1326 3871 1390 3965 qui
1404 3871 1641 3958 damnabant,
1661 3879 1942 3966 quatuordecim.

1238 3973 1314 4046 lam
1330 3973 1504 4064 disputari
1521 3987 1651 4064 potest,
1673 3976 1746 4044 utri
1767 3979 1896 4050 rectius
1918 3981 2121 4074 iudicarint,

1138 4101 1219 4150 nam
1234 4073 1330 4146 haud
1345 4075 1454 4146 dubie
1467 4089 1617 4170 utraque
1639 4099 1722 4167 pars
1745 4099 1867 4167 graves
1893 4107 2014 4155 causas
2036 4109 2121 4159 suae

1135 4177 1330 4274 sententiae
1343 4172 1480 4248 habuit.
1567 4171 1571 4180 ’

1238 4279 1402 4358 Primum,
1414 4276 1477 4372 qui
1492 4299 1556 4368 pro
1571 4273 1746 4348 Pausania
1762 4280 1935 4354 calculum
1952 4287 2123 4374 tulerunt,

1136 4379 1201 4454 hos
1223 4376 1321 4452 haud
1344 4379 1453 4453 dubie
1476 4377 1588 4448 ntovit
1611 4380 1733 4450 odium
1754 4381 1906 4455 iniustae
1920 4387 2122 4474 violentiae,

1135 4509 1176 4554 ac
1191 4481 1360 4554 saevitiae
1375 4480 1642 4576 'l'yrannorum
1672 4478 1879 4554 ludicarunt
1899 4483 1991 4558 nihil
2006 4513 2121 4581 neque

1135 4584 1389 4665 detestabilius,
1414 4604 1529 4675 neque
1543 4581 1804 4654 intolerabilius
1820 4586 2121 4682 esseTyrannide.

1135 4683 1306 4758 Occurrit
1329 4685 1419 4768 illis,
1452 4705 1559 4776 qnam
1582 4681 1768 4773 indignum
1788 4683 1960 4778 Spartana
1990 4691 2121 4762 virtute

1136 4802 1172 4860 et
1193 4787 1366 4878 pravitate
1389 4785 1499 4870 sores,
1535 4784 1567 4852 si
1590 4807 1626 4859 se
1649 4785 1816 4859 satellites
1839 4801 1945 4882 atque
1965 4794 2123 4862 admini-

1136 4904 1229 4963 stros
1252 4889 1388 4960 alienae
1410 4885 1632 4963 crudelitatis
1655 4889 1881 4978 praeberent,
1922 4893 1951 4962 si
1976 4909 2124 4986 propter

1137 4991 1295 5083 aliquam
1309 4990 1459 5082 speciem
1476 4987 1651 5072 utilitatis,
1676 4989 1895 5060 manifestam
1912 4993 2123 5068 iniustitiam

1138 5093 1382 5173 defenderent,
1439 5087 1551 5173 Cum,
1590 5101 1631 5160 ut
1658 5091 1835 5179 praeclare
1863 5093 1999 5166 dictum
2028 5112 2081 5168 est
2102 5123 2124 5168 s

1138 5189 1398 5277 Demosthene,
1432 5207 1467 5262 et
1488 5213 1559 5262 una
1582 5190 1761 5283 quaelibet
1782 5193 1907 5266 civitas
1928 5199 2070 5290 publice
2090 5213 2132 5268 et·

1139 5319 1205 5390 pro
1224 5294 1424 5388 aequisque
1446 5291 1613 5384 privatim
1641 5291 1680 5360 in
1704 5295 1874 5367 omnihus
1895 5299 2126 5370 consultatio-

1142 5399 1253 5478 nibus
1268 5411 1304 5470 et
1324 5407 1400 5470 tots
1421 5396 1493 5472 vite
1509 5387 1739 5470 honestatem
1762 5399 1951 5492 praecipue
1972 5413 2131 5493 spectare
2263 5413 2270 5422 ’

1316 5563 1322 5572 .
1432 5493 1515 5568 48*
