4884 5950
135 179 212 258 953
614 182 932 281 AL'LOQUIA
964 183 1039 260 ΕΤ
1072 183 1310 263 BREVES
1343 183 1699 266 CONCIONES.
2099 185 2175 260 sat

134 369 189 426 est
202 355 299 450 quod
316 356 421 427 uobis
438 357 683 446 blandiamur,
709 369 744 430 et
759 384 897 448 causas,
922 384 986 431 car
1002 360 1051 432 ita
1067 361 1132 430 ad·
1181 385 1264 434 rum
1285 363 1440 445 monita,
1472 386 1587 457 neque
1602 375 1827 455 praeceptum
1841 359 1928 443 Dei,
1954 383 2020 432 nec
2037 383 2174 454 poenae

133 459 222 528 flicti
244 458 435 558 miserique
458 461 589 548 simus,
615 485 837 558 quaeramus.
889 460 991 552 Quin
1007 486 1131 555 exper-
1182 466 1308 551 etiam,
1331 477 1365 536 et
1389 466 1481 535 mala
1499 479 1619 537 nostra
1637 489 1702 536 nos
1716 465 1883 556 flectunt,
1906 466 2025 536 autad
2041 463 2174 535 sanita-

133 563 311 652 giscamur
333 585 375 632 ex
395 558 463 633 hoc
477 577 644 652 veterno,
668 590 709 636 ac
723 589 789 635 nos
804 567 947 637 tandem
966 561 1130 635 homines
1181 581 1252 638 tem
1273 581 1458 652 revocant,
1484 582 1569 639 tuuc
1590 591 1713 638 revera
1734 592 1855 638 sumus
1868 569 1963 662 quod
1979 567 2173 659 Apostolus

132 687 208 735 esse
236 663 450 752 cogitantes,
484 679 680 740 statuamus
707 691 790 738 vera
813 689 905 754 esse,
938 692 1028 761 quae
1053 668 1129 760 ipsa
1181 671 1245 740 ait:
1286 662 1552 768 ἀπηλγηκότες,
1594 686 1629 742 et
1656 671 1783 764 quovis
1806 669 1914 742 Silice
1946 683 2052 764 atque
2074 668 2172 740 Ada-

42 847 45 853 r
132 765 348 858 experientia
378 791 465 854 nos,
514 772 612 864 quod
643 794 725 841 vera
753 771 843 856 sint,
888 770 991 841 fateri
1025 770 1130 861 cogit,
1181 787 1301 844 manta
1325 771 1499 847 duriores.
1551 769 1738 844 Adhortor
1758 773 1869 864 igitur
1888 795 1952 842 vos
1969 775 2172 842 adolescen-

131 893 261 959 nempe
283 872 379 962 quod
397 867 495 942 Deus
515 873 628 962 leges,
654 875 818 944 ordinem
840 896 881 942 ac
903 873 1128 964 disciplinam
1181 889 1251 958 tes,
1282 899 1399 968 neque
1421 889 1559 945 tantum
1583 871 1773 962 adhortor,
1804 878 1873 945 sed*
1888 889 1922 946 et
1943 899 2027 960 oro,
2053 887 2088 944 et
2111 895 2173 964 per

132 969 220 1042 velit
234 973 455 1054 conservari,
483 975 725 1045 obedientiam
742 976 838 1046 iuxta
852 969 949 1046 hunc
965 976 1128 1044 ordinem
1180 974 1296 1047 Deum
1321 978 1496 1062 obtestor,
1529 991 1570 1047 ut
1591 973 1654 1046 has
1676 972 1901 1049 scholasticas
1922 978 2014 1067 leges
2035 975 2171 1053 ametis,

130 1073 336 1168 requirat‚=
362 1089 397 1147 et
433 1078 600 1168 praemiis
636 1078 842 1168 ingentibus
872 1097 1000 1146 ornare
1032 1077 1128 1150 velit.

130 1175 264 1248 Contra
281 1172 449 1265 ἀταξίαν,
474 1180 730 1265 confusionem,
757 1173 1048 1280 cixacoowog'ar,
1071 1203 1129 1248 so-

130 1279 537 1372 lutionemdisciplinae‚
561 1283 699 1353 ordinis
710 1283 1027 1374 perturbationem,
1049 1306 1128 1380 rup-

130 1405 211 1452 rum
228 1383 446 1472 corruptelas
461 1385 553 1454 serio
568 1408 607 1455 ac
622 1379 856 1456 vehementer*
865 1383 1001 1468 oderit,
1024 1397 1128 1476 atque

131 1479 356 1554 horribiliter
370 1487 501 1576 punire
516 1487 638 1570 soleat.
688 1484 738 1558 Et
752 1487 937 1579 proposuit
950 1486 1055 1568 nobis
1072 1480 1143 1558 his.

131 1585 304 1678 proximis
325 1589 431 1660 anuis
445 1585 542 1660 Dens
558 1590 643 1661 satis
658 1589 772 1660 tristia
788 1589 914 1659 talium
931 1611 1127 1679 poenarum

131 1689 309 1780 exempla,
343 1713 434 1782 quae
458 1714 525 1762 nos
545 1715 789 1776 commovere,
818 1703 855 1760 et
874 1690 1037 1762 timorem
1059 1687 1127 1760 Dei

130 1793 170 1862 in
188 1791 312 1877 nobis,
339 1804 374 1862 et
391 1817 510 1863 curam
525 1789 919 1884 regendorum'morum
938 1793 1127 1862 accendere

130 1895 323 1979 debebant,
350 1894 379 1962 si
396 1895 514 1966 minus
531 1909 650 1966 nostra
665 1908 790 1988 sponte
808 1909 842 1966 et
856 1895 968 1986 ipsius
985 1895 1126 1964 virtutis

129 2020 252 2068 amore
275 1997 463 2071 flectimur.
515 1995 625 2070 llectc
647 1998 742 2068 enim
763 1997 897 2068 dictum
914 2010 999 2066 esta
1017 1996 1128 2067 veteri

130 2101 250 2188 legum
280 2100 481 2170 conditore:
514 2095 769 2170 Obedicndum
795 2121 867 2168 esse
891 2099 1049 2189 legibus,
1074 2113 1128 2170 at·-

131 2226 201 2296 que
223 2201 367 2292 flagitiis
388 2202 659 2288 abstinendum,
700 2227 746 2274 uc
770 2204 955 2272 turbemus
979 2225 1128 2272 concor-

130 2305 247 2389 diam,
274 2327 363 2398 quae
386 2299 544 2374 humano
568 2305 792 2394 genoricum
816 2303 892 2374 Deo
916 2327 989 2373 esse
1013 2305 1127 2378 debet.

131 2404 202 2478 Sed
233 2405 315 2499 quia
348 2401 434 2475 haec
467 2407 666 2478 reverentia
700 2421 735 2478 et
765 2407 979 2477 verecundia
1007 2405 1128 2476 miuus

130 2507 265 2580 multos
294 2521 429 2593 movet,
463 2509 586 2579 saltem
612 2533 808 2602 poenarum
831 2509 1059 2597 magnitudo,
1093 2521 1128 2578 ct

131 2621 273 2680 nostrae
295 2633 486 2681 aerumnae
509 2636 575 2681 nos
600 2612 640 2680 in
664 2613 759 2680 viam
783 2623 968 2694 revocent,
994 2609 1126 2698 cogite-

129 2737 209 2782 mus
227 2711 367 2806 qualcm
386 2715 679 2802 gubernationem
697 2710 893 2797 Ecclesiae,
918 2737 1023 2805 quem
1038 2709 1127 2783 Rei-

130 2815 296 2907 publicae
319 2827 468 2898 statum,
495 2815 551 2886 vel
574 2817 642 2907 ipsi
660 2811 819 2886 habituri
835 2815 964 2901 simus,
989 2813 1046 2884 vel
1063 2837 1127 2906 po-

61 2984 65 2996 ,
134 2918 237 2990 steris
263 2915 442 3004 relicturi,
475 2918 506 2987 si
529 2919 737 3010 disciplina,
770 2932 804 2988 et
826 2911 1029 2988 reverentia
1047 2937 1126 3006 erga

129 3021 225 3111 leges
245 3019 404 3100 sublata,
430 3020 580 3114 quisque
598 3020 666 3090 sibi
684 3019 876 3092 vivendum
894 3018 1051 3110 putabit,
1079 3019 1127 3087 si-

131 3137 192 3194 cut
206 3123 315 3207 libet,
340 3122 398 3191 vel
414 3123 505 3192 sicut
518 3124 651 3194 furiosa
668 3123 798 3214 cupido
816 3123 926 3192 iubet.
975 3117 1024 3191 Et
1039 3145 1126 3215 qua-

130 3227 182 3294 les
203 3249 266 3294 vos
282 3225 537 3314 gubernatores
553 3225 752 3318 respublica
768 3237 883 3296 vestra
902 3223 1069 3315 accipiet,
1096 3223 1125 3291 si

130 3351 206 3398 non
230 3325 297 3418 ipsi
320 3327 541 3420 aequissimis
562 3329 715 3418 legibus,
742 3340 776 3397 ct
799 3327 843 3396 iis
867 3326 930 3420 qui
946 3338 1125 3416 praesunt,

130 3453 254 3520 parere
276 3427 495 3498 didiceritis?
546 3427 644 3502 Male
668 3430 761 3499 enim
779 3429 945 3520 imperat,
972 3426 1125 3520 quinon

129 3532 232 3624 prius
253 3531 400 3600 obedire
418 3531 554 3604 didicit.
606 3526 818 3602 Plutarchus
834 3531 900 3600 ait:
928 3531 1023 3598 idem
1040 3552 1126 3610 esse,

1181 1092 1215 1148 ct
1241 1079 1403 1168 religiose
1433 1080 1535 1148 vobis
1562 1082 1753 1150 servandas
1781 1103 1853 1152 esse
1875 1079 2023 1151 ducatis.
2073 1075 2172 1146 Haec

1181 1181 1275 1250 enim
1292 1205 1371 1251 cum
1389 1182 1516 1251 studiis
1529 1182 1656 1252 vestris
1666 1183 1846 1274 sapienter
1862 1182 2070 1264 consulunt,
2096 1193 2172 1248 tum

1180 1307 1264 1352 vero
1279 1298 1313 1354 et
1328 1305 1383 1352 res
1398 1296 1434 1352 ct
1449 1307 1597 1376 corpora
1612 1297 1725 1356 vestra
1742 1281 1913 1354 adversus¹
1924 1283 2075 1352 iniurias
2086 1281 2172 1349 lide-
2295 1353 2304 1364 ‚

1180 1385 1264 1455 liter
1283 1385 1464 1457 muniunt.
1515 1381 1702 1459 Retrahite
1720 1407 1850 1480 quaeso
1866 1409 1930 1455 vos
1942 1386 2069 1482 ipsosa
2086 1407 2173 1453 con-

1180 1488 1290 1557 sortio
1321 1487 1487 1572 illorum,
1520 1490 1583 1582 qui
1614 1490 1662 1558 ita
1693 1489 1864 1560 dissolute
1893 1488 2037 1573 vivunt,
2072 1485 2172 1578 quasi

1179 1590 1302 1660 nullae
1324 1590 1396 1662 sint
1417 1591 1529 1679 leges,
1556 1593 1654 1661 nulla
1672 1591 1813 1660 vincula
1832 1587 2009 1660 humanae
2025 1588 2173 1658 socicta-

1181 1693 1244 1778 tis,
1271 1691 1372 1786 quasi
1395 1692 1490 1762 inter
1513 1695 1604 1763 seras
1625 1695 1773 1776 bestias,
1800 1717 1873 1763 non
1898 1693 1992 1763 inter
2009 1687 2174 1761 homines

1179 1795 1289 1878 vitam
1305 1797 1445 1884 degant.
1496 1795 1577 1865 Non
1592 1797 1687 1866 enim
1703 1791 1894 1880 hominum
1906 1792 2170 1889 sedCyclopum
2269 1857 2275 1870 ,

1180 1891 1216 1966 hi
1233 1919 1349 1966 mores
1363 1911 1465 1976 sunt,
1493 1911 1583 1968 totas
1600 1911 1720 1968 noctes
1735 1899 1773 1968 in
1783 1897 1934 1988 *publico
1949 1891 2174 1976 tumultuari,

1178 1999 1322 2070 furiosis
1357 2000 1571 2070 clamoribus
1604 2001 1725 2070 omnia
1755 2000 1951 2090 complere,
1990 1995 2172 2074 conviciis,

1180 2102 1338 2192 lapidum
1357 2101 1462 2184 iaetu,
1489 2103 1597 2170 armis
1611 2103 1650 2170 in
1667 2115 1819 2192 pacatos,
1845 2105 2003 2194 adeoque
2019 2101 2173 2168 inermes

1179 2216 1284 2296 atque
1308 2205 1515 2273 innocentes
1537 2201 1701 2274 hostilem
1725 2205 1764 2272 in
1786 2205 1932 2274 modum
1952 2195 2172 2283 debacchari,

1179 2327 1384 2398 oppugnare
1412 2299 1646 2377 honestorum
1674 2307 1804 2376 civium
1827 2309 1949 2386 aedes,
1984 2303 2179 2392 effringere·

1179 2409 1292 2488 fores,
1317 2409 1505 2493 fenestras,
1527 2409 1671 2478 turbare
1687 2431 1853 2479 somnum
1871 2407 2076 2501 puerperis,
2102 2406 2172 2472 mi-

1179 2510 1337 2606 serisque
1352 2513 1503 2600 aegrotis
1520 2535 1559 2579 ac
1574 2511 1738 2596 senibus,
1765 2511 1935 2602 dissipare
1952 2503 2116 2584 tabernas
2133 2507 2172 2574 in

1178 2614 1277 2697 foro,
1302 2637 1426 2682 currus
1449 2627 1483 2683 et
1510 2613 1681 2707 quicquid
1699 2613 1864 2686 occurrit.
1917 2605 2053 2702 Turpia
2071 2611 2170 2678 dictu

1179 2710 1266 2784 haec
1294 2729 1395 2798 sunt,
1430 2730 1463 2785 at
1493 2715 1739 2805 indignissima
1762 2716 1824 2785 tali
1848 2709 2036 2784 hominum
2058 2711 2172 2794 coetu,

1179 2810 1218 2884 in
1234 2839 1305 2910 quo
1321 2841 1400 2886 cum
1415 2831 1517 2887 sonet
1534 2817 1693 2888 doctrina
1708 2817 1773 2884 lilii
1789 2815 1875 2902 Dei,
1899 2837 1979 2885 cum
1994 2809 2172 2884 honestis-

1179 2919 1349 2988 simarum
1377 2920 1506 2988 artium
1538 2921 1654 2990 studia
1677 2920 1849 3004 floreant,
1879 2920 1950 2988 vita
1975 2939 2118 3011 quoque
2138 2927 2173 2982 et

1178 3043 1295 3089 mores
1317 3015 1373 3089 his
1396 3021 1524 3092 studiis
1545 3023 1744 3092 conformes
1767 3043 1839 3089 esse
1856 3021 2045 3090 debebant.
2099 3014 2172 3086 Da-

1179 3125 1269 3193 bunt
1295 3122 1405 3210 igitur
1430 3119 1523 3192 haud
1549 3125 1657 3193 dubie
1679 3124 1902 3214 gravissimas
1926 3143 2058 3214 poenas
2081 3115 2172 3202 Deo,

1178 3225 1240 3318 qni
1265 3220 1351 3294 haec
1374 3237 1470 3295 tanta
1488 3227 1581 3294 dona
1599 3219 1720 3294 divina
1736 3221 1980 3318 prophanant,
2005 3238 2038 3294 ct
2057 3221 2173 3313 turpi·

1179 3327 1304 3397 tudine
1328 3327 1441 3406 vitae,
1469 3354 1509 3398 ac
1530 3329 1673 3418 flagitiis
1695 3329 1768 3398 suis
1783 3327 1982 3398 doctrinam
1999 3349 2119 3394 sanam
2138 3337 2172 3392 et

1178 3429 1366 3498 salutarem
1390 3431 1610 3511 deformant,
1635 3444 1740 3523 atquc
1755 3429 1929 3520 Spiritum
1952 3441 2113 3498 sanctum
2132 3427 2172 3494 in

1178 3531 1245 3622 piis
1259 3530 1438 3599 mentibus
1455 3555 1619 3600 moerore
1636 3531 1817 3603 adficiunt.

1283 3629 1455 3701 Videmus
1488 3627 1556 3700 hoc
1588 3646 1746 3722 tempore
1780 3655 1868 3723 pene
1897 3645 2010 3702 toturn
2034 3629 2170 3710 orbem,

129 3657 248 3726 puero
261 3633 483 3704 committere
503 3633 678 3723 gladium,
704 3633 802 3702 fatuo
820 3633 981 3715 divitias,
1006 3645 1038 3700 et
1057 3625 1124 3700 ho·
1160 3701 1173 3729 ,

1176 3733 1361 3806 diabolicis
1378 3733 1560 3805 furoribus
1578 3735 1782 3820 incensum,
1806 3757 1909 3803 ruere
1927 3733 1965 3800 in
1984 3728 2171 3803 horribilia

128 3736 217 3806 mini
242 3735 452 3828 disciplinae
475 3737 617 3826 ignaro,
644 3750 749 3828 atque
774 3733 974 3826 impatienti
992 3733 1125 3822 guber·

128 3839 321 3910 nationem.
373 3833 493 3932 Atque
508 3835 701 3928 Euripides
724 3837 823 3906 illam
842 3851 976 3928 partem
992 3835 1123 3904 civium
1176 3835 1305 3906 scelera
1328 3850 1363 3906 et
1384 3861 1525 3928 poenas.
1577 3831 1718 3906 Ardent
1735 3827 1949 3905 monarchae
1964 3835 2047 3904 odio
2063 3827 2171 3903 Chri-

128 3941 294 4011 adfirmat
317 3963 525 4010 conservare
550 3941 747 4024 civitatem,
780 3961 870 4031 quac
893 3937 1032 4028 ut·ipse
1057 3937 1123 4006 ait:
1177 3937 1221 4008 sti
1245 3961 1285 4008 ac
1309 3937 1469 4031 piorum,
1502 3951 1648 4032 propter
1663 3951 1803 4008 taxatos
1825 3937 2031 4007 idolatricos
2054 3935 2171 4030 cultus

126 4033 273 4134 κόσμον
295 4033 497 4138 φυλάσσει,
522 4037 652 4114 ὅντινα
673 4036 722 4113 ἄν
746 4034 837 4133 δόξῃ
860 4033 981 4124 indict,
1008 4040 1045 4108 id
1062 4052 1124 4123 est,
1178 4054 1212 4112 et
1227 4049 1335 4110 tetras
1349 4037 1599 4132 blasphemias,
1626 4063 1777 4134 quarum
1794 4040 2036 4110 defensionem
2053 4059 2171 4108 susce-

127 4145 293 4216 ordiucm
316 4159 521 4230 conservat,
548 4144 610 4236 qui
633 4145 679 4220 ab
704 4167 742 4212 ea
762 4142 945 4214 institutus
963 4155 1024 4212 cst.
1077 4137 1125 4212 Et
1176 4155 1317 4234 petunt.
1368 4141 1517 4214 Ludunt
1535 4143 1744 4214 monstrosis
1756 4143 1988 4236 opinionibus
2005 4136 2170 4211 homines

126 4246 235 4330 alibi,
261 4243 356 4316 Tace
378 4245 512 4339 inquit:
541 4243 646 4334 Quod
669 4245 771 4316 iubes
795 4259 828 4316 ct
850 4245 944 4315 iuter
961 4239 1124 4314 homines
1175 4244 1329 4334 ingeniis
1350 4259 1384 4316 et
1407 4247 1568 4316 doctrina
1590 4246 1774 4328 instructi,
1800 4247 1894 4316 laxat
1912 4245 2035 4332 frenos
2052 4243 2169 4312 omnis

127 4349 330 4420 societatem
348 4361 549 4432 conservat,
574 4349 612 4418 id
627 4373 740 4420 unum
757 4361 828 4434 est,
853 4371 981 4439 nempe
998 4360 1038 4416 ut
1054 4342 1122 4416 ho·
1177 4347 1316 4436 generis
1338 4347 1592 4440 cupiditatibus
1614 4349 1779 4418 insanum
1801 4349 1944 4437 vulgus,
1970 4369 2035 4416 nec
2049 4345 2168 4413 minus

126 4452 243 4520 mines
263 4449 379 4540 legum
403 4451 626 4522 autoritatem
649 4475 755 4546 quam
772 4449 921 4520 maxime
936 4451 1068 4518 salvam
1088 4461 1123 4516 et
1176 4451 1327 4520 multum
1353 4464 1405 4518 est
1428 4444 1495 4520 hoc
1518 4459 1676 4541 tempore
1691 4445 1880 4520 hominum
1896 4443 2169 4540 Epicureorum,

126 4553 345 4624 incolumem
370 4575 443 4622 esse
463 4553 585 4622 velint.
636 4552 749 4644 Saepe
764 4546 850 4622 hacc
864 4565 1047 4642 praecepta
1067 4575 1123 4619 rc·
1175 4575 1281 4644 qnam
1304 4552 1373 4621 fuit
1396 4549 1578 4622 Ciceronis
1601 4566 1734 4636 aetate,
1765 4575 1843 4621 cum
1867 4548 2167 4643 praestantissima

126 4667 317 4748 petuntur,
343 4667 378 4725 et
398 4655 624 4726 inculcantur
648 4657 692 4726 ab
716 4649 944 4740 authoribus,
969 4677 1122 4748 quorum
1175 4675 1336 4746 quaeque
1360 4653 1501 4743 ingenia
1525 4655 1607 4724 illos
1629 4655 1802 4722 immanes
1827 4675 2050 4743 errorespro
2072 4650 2167 4720 veri-

124 4757 256 4850 scripta
280 4755 320 4826 in
343 4751 410 4828 hac
429 4750 549 4827 schola
573 4771 801 4841 enarrantur,
839 4757 900 4825 sed
925 4779 991 4826 nos
1011 4755 1122 4848 magis
1173 4769 1244 4826 tate
1265 4757 1465 4856 adorarent.
1517 4755 1592 4828 Nos
1614 4757 1654 4826 in
1676 4751 1732 4826 his
1748 4756 1856 4825 tantis
1869 4754 2024 4824 tenebris
2039 4753 2166 4823 mundi

126 4861 235 4932 etiam
250 4882 473 4930 commovere
489 4861 593 4930 debet
609 4883 678 4928 vox
693 4860 833 4943 diviua,
858 4884 948 4952 quae
963 4857 1066 4928 toties
1083 4859 1121 4925 in
1172 4881 1358 4950 precemur
1377 4858 1488 4930 filium
1506 4856 1595 4946 Dei,
1620 4873 1662 4930 ut
1683 4859 1720 4928 in
1744 4857 1814 4927 lide
1838 4873 1872 4928 ct
1893 4857 2002 4926 verbo
2019 4880 2083 4926 suo
2098 4877 2165 4925 nos

126 4961 235 5033 sacris
256 4961 371 5032 literis
392 4963 436 5032 ad
459 4961 698 5032 obedientiam
722 4985 801 5052 erga
820 4962 930 5050 leges,
957 4975 1060 5054 atque
1076 4961 1121 5029 ad
1173 4961 1378 5031 obedientes
1399 4975 1601 5046 conservet,
1636 4973 1669 5030 et
1688 4959 1826 5052 Spiritu
1850 4973 1971 5030 sancto
1996 4983 2059 5030 suo
2080 4957 2166 5028 illu-

126 5063 370 5156 disciplinam,
411 5077 446 5134 et
473 5059 622 5134 honesta
651 5063 788 5147 officia,
824 5063 1016 5154 propositis
1046 5087 1120 5134 non
1174 5065 1305 5148 minet,
1339 5065 1513 5152 gubernet
1532 5079 1637 5161 atque
1657 5062 1866 5144 sanctificet,
1893 5076 1932 5132 ut
1957 5084 2033 5132 non
2054 5061 2165 5130 simus

125 5181 265 5238 tantum
297 5189 494 5259 poenarum
519 5181 555 5237 et
578 5165 820 5259 praemiorum
843 5166 1029 5256 exemplis,
1060 5189 1122 5234 ve·
1174 5187 1254 5234 vasa
1278 5165 1367 5250 irae,
1392 5168 1452 5234 scd
1478 5189 1559 5235 vasa
1579 5165 1710 5255 gratiae
1736 5179 1768 5234 et
1791 5165 2054 5235 misericordiae
2070 5161 2165 5230 divi-

124 5293 208 5340 rum
229 5267 336 5340 etiam
359 5268 592 5360 amplissimis
609 5267 925 5362 promissionibus,
947 5293 1014 5338 nos
1035 5263 1121 5338 hor·
1172 5291 1256 5364 nae,
1288 5283 1398 5360 utque
1419 5291 1525 5360 opera
1548 5263 1715 5336 sathanae
1736 5265 1775 5335 in
1798 5267 1904 5337 nobis
1925 5269 2165 5348 destruantur,

124 5385 231 5448 tatur.
292 5368 401 5461 Quod
428 5371 459 5440 si
489 5393 610 5466 neque
628 5367 816 5444 hominum
844 5371 1122 5463 sapientissimo·
1173 5383 1212 5456 ct
1228 5369 1316 5440 fiant
1338 5393 1443 5462 opera
1467 5369 1641 5462 placentia
1657 5367 1746 5440 Deo.
1800 5368 1913 5466 ldquc
1934 5365 2063 5438 utheri
2080 5387 2164 5458 pos-
