4888 5962
276 177 351 305 sco
748 179 750 186 ⁴
866 169 1722 266 ouansrrounsxcanuurcxu
1969 251 1972 258 ,
2239 133 2375 254 reo

264 331 469 438 ,desinenda
482 347 654 438 sanitate,
676 342 1006 418 'constituiteertum
1021 359 1183 440 tempus,
1207 371 1274 420 nec
1325 363 1531 424 nervorum.
1588 343 1814 418 Hiomnium
1827 365 1997 420 ¹sensuum
2014 346 2173 419 actiones
2187 349 2320 440 gnber-

192 449 194 454 ’
277 453 474 540 anteveni,
497 474 564 522 nec
578 448 714 522 diuu'us
727 448 867 519 differri
882 449 960 520 vult
974 449 1274 527 exercitationem.
1324 464 1433 532 nant,
1464 443 1521 520 his
1548 447 1875 540 languescentibus,
1912 447 2173 523 labefactantur
2194 474 2320 524 omnes

276 557 391 632 Docet
420 555 516 626 enim
548 566 631 644 post
658 553 848 622 secundam
874 551 1073 622 coctionem
1098 547 1274 624 utendum
1325 574 1465 634 sensus,
1497 573 1563 624 nec
1582 550 1752 624 sustineri
1781 549 1932 622 intentio
1960 551 2164 622 animorum
2195 568 2321 646 potest.

277 683 353 733 esse
377 655 636 729 exercitatione.
696 651 857 724 Primam
879 655 1081 747 coctionem
1095 656 1275 747 intelligit,
1325 653 1522 754 Quapernos
1531 652 1700 738 maxime,
1721 652 2172 746 quiversamurinstudiis
2184 659 2322 732 doctri·

1447 755 1576 892 gerare
1593 779 1722 828 nervos
1736 778 1876 826 summa
1890 753 2077 864 diligentia
2089 772 2244 850 oportet.

278 787 362 835 cum
375 760 415 830 io
429 756 628 830 ventriculo
640 753 741 826 cibus
757 754 797 825 in
816 751 981 852 chylum,
1006 757 1046 826 id
1068 770 1140 842 est,
1166 759 1207 829 in
1228 759 1286 829 ti..
1324 781 1429 852 nam,

279 885 427 960 quorem
444 858 674 931 convertitur.
727 856 929 930 Secundam
947 859 1143 930 coctionem
1160 875 1274 948 vocat,
1364 855 1464 951 rit·
1497 905 1501 914 ·

278 967 360 1040 cum
376 965 424 1033 in
437 960 552 1056 Epate
569 956 695 1055 chylus
713 971 972 1032 transmutatur
989 961 1028 1030 in
1051 965 1275 1055 sanguinem.
1428 952 1570 1037 Accede
1596 961 1642 1032 ad
1665 957 1821 1055 reliquas
1847 958 2040 1051 particulas
2058 955 2166 1036 huius
2194 955 2322 1056 Apho-

277 1068 320 1142 ln
335 1062 392 1137 his
407 1067 546 1136 duabus
567 1061 790 1134 coctionibus
814 1087 903 1154 opus
926 1075 978 1134 est
1002 1065 1130 1158 quiete.
1179 1065 1274 1137 ,Nam
1325 1065 1436 1138 rismi.
1489 1061 1602 1135 Cibus
1623 1075 1659 1134 et
1683 1061 1838 1134 Somnus
1858 1063 2063 1135 conducunt
2078 1064 2320 1140 interioribus.

277 1183 378 1243 motu
392 1164 656 1238 vehementiore
674 1165 850 1237 excutitur
865 1161 1003 1262 Chylus
1018 1190 1059 1236 ex
1072 1169 1273 1239 ventriculo
1326 1165 1486 1239 Galenus
1506 1167 1556 1236 sic
1576 1165 1759 1255 intelligit:
1793 1163 1949 1236 Somnus
1970 1178 2027 1237 est
2048 1166 2169 1254 cibus,
2203 1167 2318 1256 idest,

277 1285 340 1344 aut
356 1296 397 1342 ex
411 1268 545 1364 Epate,
570 1281 605 1338 et
622 1267 793 1359 impletur
807 1292 937 1360 corpus
950 1269 1093 1342 viciosis
1110 1266 1274 1342 humoriss
1326 1271 1493 1342 conducit
1508 1267 1759 1352 interioribus,
1783 1265 1886 1360 quasi
1902 1267 2013 1354 dicat,
2038 1269 2131 1339 sicut
2146 1272 2246 1341 calor
2259 1296 2320 1342 ex·

277 1377 364 1462 bus,
407 1386 441 1443 et
470 1371 564 1440 vires
600 1370 791 1440 ventriculi
821 1386 855 1443 et
885 1366 1011 1462 Epatis
1041 1373 1274 1465 adfliguntur.
1315 1373 1455 1443 citatur
1475 1385 1576 1442 motu
1603 1370 1642 1438 in
1663 1369 1915 1454 exterioribus,
1944 1371 1994 1440 ita
2016 1381 2163 1444 somnus
2177 1388 2322 1446 revocat

278 1477 466 1549 interdum
482 1473 589 1543 etiarn
607 1472 691 1542 inde
704 1473 860 1544 existunt
876 1471 1102 1548 Pleuritides.
1153 1473 1275 1565 Quare
1325 1475 1477 1547 calorem
1508 1477 1553 1544 ad
1577 1471 1767 1558 interiora,
1803 1483 1837 1541 et
1860 1470 2031 1543 interiora
2052 1488 2194 1545 recrea.
2253 1472 2321 1548 Est

279 1580 433 1650 maxime
446 1570 760 1668 reprehendendus
776 1589 828 1645 est
841 1597 920 1644 mos
933 1576 1192 1668 plurimbrum,
1210 1577 1275 1671 qui
1325 1577 1435 1668 igitur
1449 1577 1598 1649 mirifica
1608 1574 1750 1645 collatio
1764 1571 1887 1644 Motus
1900 1587 1935 1644 et
1945 1571 2097 1664 Quietis.
2128 1573 2322 1649 Exteriore

277 1682 395 1756 statim
419 1705 439 1750 a
462 1679 542 1750 cibo
558 1678 824 1749 contentionem
846 1677 903 1747 vel
917 1679 1077 1770 corporis
1090 1681 1148 1749 vel
1161 1680 1275 1750 animi
1326 1681 1438 1770 magis
1465 1681 1637 1750 iuvantur
1668 1674 1791 1761 Motu,
1829 1675 2001 1768 interiora
2032 1677 2140 1768 magis
2172 1676 2317 1768 Quiete.

228 1851 237 1863 ,
278 1783 487 1878 suscipiunt.
547 1780 660 1873 ldque
673 1781 786 1870 magis
800 1779 1040 1872 perniciosum
1056 1794 1108 1851 est
1123 1779 1274 1852 Germa-
1324 1781 1445 1871 Quare
1467 1797 1502 1854 et
1526 1793 1645 1852 motus
1660 1793 1695 1850 et
1717 1777 1848 1872 quietis
1865 1780 1959 1860 vices
1975 1778 2158 1852 distribuit
2176 1795 2318 1872 natura,

276 1890 354 1973 nis,
387 1887 554 1982 quicum
575 1883 815 1952 ventriculum
832 1903 959 1971 magna
983 1883 1078 1953 mole
1095 1885 1167 1954 cibi
1185 1908 1275 1955 one·
1324 1900 1363 1956 et
1376 1883 1559 1962 observari
1572 1881 1737 1975 postulat.
1789 1878 1843 1954 lta
1857 1883 1929 1955 alio
1950 1883 2029 1952 loco
2044 1881 2322 1978 inquitflippm
2434 1961 2435 1974 χ

274 2003 423 2075 rerunt,
449 1987 595 2076 largiter
614 1985 719 2054 etiam
738 1997 827 2074 potu
849 1985 1012 2072 diluunt,
1037 1999 1078 2056 ut
1093 1987 1194 2058 cibus
1209 2009 1274 2058 na·
1323 2001 1451 2059 crates:
1491 1985 1665 2076 Vigilanti
1694 1983 1869 2054 exteriora
1898 1984 2087 2074 calidiora,
2128 1987 2323 2070 dormienti
2434 2011 2435 2022 ¹

274 2109 355 2166 tans
371 2093 412 2160 in
432 2086 652 2170 ventriculo,
679 2087 794 2156 multo
816 2081 999 2157 difficilius
1016 2089 1127 2179 possit
1142 2113 1274 2160 conco·
1323 2105 1448 2164 contra
1473 2089 1584 2179 magis
1607 2087 1721 2158 calent
1739 2086 1925 2164 interiora.
1958 2085 2085 2178 ,Iterrz
2112 2083 2268 2182 Sanguis
2283 2090 2321 2162 in

276 2196 351 2292 qui.
412 2191 536 2284 ltaque
560 2201 695 2259 certum
720 2188 868 2258 exitium
898 2189 970 2260 sibi
1001 2206 1186 2264 accersunt
1207 2191 1274 2278 illi,
1324 2217 1449 2263 somno
1473 2191 1585 2282 magis
1608 2191 1654 2278 ad
1675 2189 1848 2280 interiora
1867 2191 1952 2268 abit.
2010 2187 2135 2286 ltaque
2158 2203 2194 2264 et
2210 2191 2252 2260 in
2267 2193 2324 2262 in-

275 2299 339 2394 qui
360 2294 482 2366 relerti
496 2292 577 2362 cibo
597 2315 638 2360 ac
660 2304 767 2384 potu,
790 2291 908 2361 statim
927 2292 1067 2362 labores
1081 2289 1274 2365 vehemen-
1323 2295 1627 2365 flammatiouibus
1641 2292 1852 2361 interiorum
1863 2294 2125 2378 membrorum,
2147 2317 2224 2363 non
2238 2319 2322 2364 con-

276 2394 618 2487 tioressuscipiunt.
682 2391 829 2463 Possem
850 2393 963 2465 multa
994 2397 1153 2488 exempla
1175 2421 1274 2468 com·
1323 2397 1464 2470 ceditur
1485 2396 1562 2467 nisi·
1579 2393 1698 2466 brevis
1720 2414 1866 2465 somnus
1882 2394 2058 2486 aegrotisc'
2100 2393 2186 2486 ldeo
2204 2411 2322 2467 antem
2434 2429 2435 2436 ι

276 2497 475 2574 memorare
496 2497 825 2567 robustissimorum
848 2495 1039 2582 iuvenum,
1079 2499 1211 2594 quibus
1233 2499 1273 2568 in
1323 2499 1363 2570 in
1377 2521 1504 2570 somno
1522 2499 1620 2570 calor
1632 2511 1821 2567 revocatur
1833 2497 1873 2566 in
1890 2497 2081 2584 interiora,
2109 2499 2194 2592 quia
2207 2511 2333 2591 rapot

275 2606 372 2677 ludis
386 2615 449 2674 aut
460 2598 704 2692 voluptatibus
720 2593 1129 2686 vehementiormotus,
1154 2601 1272 2672 statim
1323 2628 1380 2674 res
1402 2603 1499 2674 intus
1520 2601 1557 2670 vi
1578 2599 1705 2672 caloris
1729 2593 1897 2670 exhalant
1917 2601 1957 2669 in
1977 2601 2175 2672 cerebrum.
2229 2599 2321 2673 Cum

277 2704 605 2802 sequutus-cibum,
641 2701 792 2772 exitium
812 2701 943 2790 attulit,
997 2701 1117 2791 Quare
1133 2705 1273 2774 antece·
1323 2720 1440 2777 autem
1456 2701 1624 2776 interiora
1641 2715 1728 2772 tunc
1748 2701 1961 2792 rigenturet
1981 2703 2140 2784 alantur,
2173 2718 2209 2775 et
2226 2705 2323 2774 calor

278 2813 365 2883 dant
389 2806 554 2879 exercitia
582 2805 715 2875 cibum.
777 2801 826 2877 Et
857 2805 941 2898 quia
966 2805 1072 2874 etiam
1095 2800 1274 2877 exhaustis
1308 2821 1532 2892 concurrat,
1562 2796 1677 2897 rgiguit
1699 2827 1761 2874 cor
1778 2805 1977 2896 plurimum
2000 2805 2192 2896 spirituum
2216 2807 2257 2876 in
2283 2829 2323 2876 ea
2434 2815 2435 2896 l

141 2969 146 2978 .
275 2912 485 3005 corporibus
507 2920 613 2978 nocet
635 2918 754 2976 motus
769 2906 878 2998 paulo
893 2901 1160 2995 vehementior,
1192 2893 1271 2978 ideo
1323 2911 1453 3006 quiete.
1517 2906 1740 2980 Recreantur
1776 2907 1895 3002 itaque
1924 2907 2099 3007 interiora
2121 2908 2323 3000 praecipue

277 3013 438 3086 Galenus
447 3012 539 3081 illud
552 3023 691 3100 tempus
700 3008 827 3078 tribuit
841 3009 1033 3096 exercitiis,
1050 3035 1131 3081 eum
1142 3011 1272 3103 postri-
1323 3015 1404 3085 cibo
1417 3026 1452 3083 et
1467 3027 1603 3084 somno.
1654 3004 1703 3080 Et
1716 3009 1869 3098 ut'calor
1883 3021 2068 3096 revocatus
2083 3010 2323 3100 inuinleriora,

277 3118 336 3187 die
351 3117 476 3187 ultima
498 3112 688 3194 recoctio,
715 3110 901 3195 videlicet,
927 3136 1008 3183 cum
1033 3114 1176 3202 sanguis
1192 3137 1273 3204 per-
1322 3115 1479 3209 perficiat
1493 3113 1708 3198 coctionem,
1734 3112 1854 3183 debila
1868 3111 1986 3184 somni
1999 3125 2159 3204 tempora
2175 3132 2326 3182 serven·

277 3213 458 3290 coetus-in
480 3213 580 3284 venis
600 3214 636 3281 vi
658 3211 786 3282 caloris
808 3212 948 3296 vitalis,
982 3237 1088 3306 quem
1110 3211 1273 3286 Arteriae
1323 3233 1401 3304 tur,
1427 3217 1491 3312 qui
1508 3217 1661 3287 calorem
1672 3227 1835 3288 accersat.
1887 3209 1969 3286 Erit
1982 3215 2092 3304 igitur
2105 3215 2324 3284 conveniens

276 3323 378 3391 venis
401 3317 596 3410 implicitae
611 3307 813 3400 advehunt,
845 3313 997 3386 vertitur
1018 3315 1273 3396 innutrimen-
1324 3312 1660 3410 exercitiis'tempus
1683 3329 1766 3404 ante
1782 3311 1954 3409 prandia,
1979 3329 2013 3386 et
2030 3317 2059 3387 si
2077 3317 2230 3409 prandia
2246 3327 2322 3386 nu'n

276 3437 353 3495 tum
375 3418 546 3490 membris
568 3417 795 3488 conveniens.
855 3415 904 3488 Ut
927 3417 1117 3488 enimcaro
1133 3419 1272 3490 avidius
1321 3427 1468 3495 suerunt
1489 3421 1671 3512 longiora,
1707 3433 1789 3490 ante
1822 3441 1961 3490 coenas.
2022 3420 2151 3491 Somni
2182 3433 2325 3509 tempus

275 3524 424 3618 accipiat
454 3517 523 3592 hoc
545 3519 826 3604 nutrimentum,
856 3519 1062 3590 excitandus
1092 3535 1143 3591 est
1165 3522 1273 3591 calor.
1323 3541 1467 3619 aptum,
1496 3546 1573 3593 non
1596 3517 1704 3592 nimis
1729 3522 1837 3613 longo
1861 3521 2052 3594 intervallo
2066 3533 2149 3613 post
2163 3542 2325 3604 coenam,

276 3628 367 3699 Inde
388 3623 542 3712 intelligi
562 3634 695 3714 potest,
723 3645 833 3714 quare
848 3616 914 3690 ‘hic
929 3622 1059 3692 dixerit
1071 3620 1272 3715 Hippocra-
1322 3631 1383 3699 sed
1395 3640 1586 3720 postquam
1601 3627 1672 3695 iam
1691 3625 1853 3712 subsedit
1866 3617 1967 3696 cibus
1983 3624 2024 3693 in
2040 3623 2262 3706 ventriculo,
2289 3635 2325 3694 et

275 3745 345 3803 tes:
377 3726 498 3799 Labor
518 3725 663 3817 prodest
683 3724 794 3796 carni.
844 3719 1024 3794 Conducit
1045 3725 1139 3794 enim
1155 3725 1273 3818 tripli·
1323 3723 1489 3802 inchoata
1507 3745 1559 3799 est
1574 3723 1699 3802 edotio.
1751 3725 1857 3813 Tune
1873 3727 1968 3796 enim
1985 3727 2325 3816 maxiurerevocan-

277 3834 381 3917 citer,
404 3829 532 3900 excitat
546 3827 718 3908 calorem,
736 3839 777 3896 ut
789 3825 930 3896 avidius
942 3826 1091 3918 recipiat
1104 3852 1186 3898 caro
1202 3852 1272 3899 nu-
1323 3835 1390 3923 dus
1408 3825 1511 3905 estin
1528 3830 1699 3901 interiora
1715 3831 1821 3903 calor.
1872 3829 2175 3902 Haecintervalla
2197 3828 2325 3922 siquis

276 3936 505 4016 trimentum,
538 3941 574 4000 et
594 3929 655 4000 fiat
673 3928 863 4018 glutinatio
881 3941 918 3998 et
932 3929 1117 4000 conversio
1131 3931 1171 4000 in
1187 3932 1272 4001 sub·
1321 3935 1550 4006 mediocriter
1574 3932 1830 4018 observaverit,
1862 3933 2009 4017 sentiet,
2043 3931 2114 4001 sibi
2128 3925 2323 4001 hancdili·
2434 3999 2435 4010 ,

277 4035 443 4106 stantiam
467 4033 557 4104 aliti.
614 4029 800 4111 Secundo,
833 4044 952 4101 motus
968 4031 1113 4122 expellit
1128 4033 1273 4104 inutiles
1324 4037 1480 4128 gentiam
1497 4037 1601 4106 valde
1616 4036 1804 4127 prodesse,
1828 4030 1877 4105 Et
1892 4039 1972 4105 c'um
1989 4032 2245 4126 inpraesentia
2260 4058 2324 4103 va·

210 4187 215 4198 -
277 4135 550 4228 superfluitates.
602 4131 746 4214 Tertio,
772 4133 893 4203 reddit
910 4155 1050 4202 earnem
1068 4134 1271 4226 spissiorem
1323 4141 1483 4210 letudine
1500 4151 1621 4210 utetur
1634 4137 1810 4218 firmiore,
1839 4150 1879 4210 ¹et
1893 4137 2011 4210 studia
2025 4149 2061 4207 ct
2074 4137 2220 4226 negotia
2234 4135 2324 4204 iaci·

277 4256 312 4313 et
336 4237 570 4310 solidiorem.
611 4229 733 4304 Electa
755 4235 852 4304 enim
872 4235 994 4305 inutili
1017 4238 1273 4328 superfluitate,
1324 4243 1396 4313 lius
1419 4241 1592 4312 sustinere
1614 4241 1763 4333 poterit:
1790 4237 1885 4308 Tum
1901 4262 1986 4310 vero
2002 4237 2108 4308 ctiam
2125 4239 2237 4308 vitam
2254 4237 2324 4306 sibi

275 4341 404 4414 melius
419 4337 643 4431 glutinantur
657 4339 792 4429 partes,¹
815 4351 853 4408 et
864 4351 982 4408 motus
997 4339 1176 4412 desiccans
1190 4341 1273 4431 redf
1323 4343 1547 4438 prorogabit,
1571 4357 1606 4414 et
1616 4356 1792 4414 senectam
1800 4337 1947 4413 babebit
1955 4341 2166 4411 validiorem
2180 4353 2327 4412 ettran-

274 4446 327 4516 dit
341 4467 491 4535 corpora
508 4440 688 4533 spissiora.
1021 4457 1024 4464 ·
1324 4447 1540 4542 quilliorem,
1590 4443 1686 4516 Dixi.
2434 4439 2435 4442 ’

204 4629 210 4642 ,
326 4631 329 4639 ¹
379 4545 450 4618 Sed
473 4543 659 4616 obscurius
683 4557 751 4623 est,
778 4543 873 4635 quod
891 4541 958 4612 ait:
984 4540 1179 4628 Laborem,
1203 4537 1273 4614 hoc

278 4662 347 4728 est,
370 4647 535 4718 exercitia
553 4647 719 4738 prodesse
738 4640 922 4716 Articulis.
974 4643 1067 4716 Cum
1091 4660 1209 4716 autem
1226 4647 1269 4714 ad

277 4749 445 4820 articulos
460 4748 634 4842 plurimae
651 4745 912 4844 superfluitates
929 4749 1171 4838 expellantur,
1196 4767 1272 4818 non

276 4873 375 4922 secus
398 4873 437 4922 ac
460 4850 727 4943 tempestatibus
747 4871 788 4920 ac
811 4849 943 4942 pluviis
958 4849 1154 4940 putrefiunt
1169 4849 1272 4920 lones
1423 4907 1426 4916 .

275 4953 315 5023 in
347 4953 515 5035 navibus,
547 4954 595 5024 ita
621 4953 724 5022 nervi
751 4953 982 5022 resolvuntur
1012 4951 1051 5019 in
1081 4952 1270 5037 musculis,
1341 4929 1408 5004 N0·
1429 4925 1487 5004 ¹5·
1830 5037 1834 5046 .
2143 4952 2195 4995 ¹⁰·
2216 4931 2314 4995 1⁵3⁸·
2434 4975 2435 5012 ι

276 5051 385 5127 obsiti
407 5053 504 5124 lento
529 5068 562 5125 et
584 5055 715 5144 frigido
739 5049 903 5124 humore.
963 5047 1069 5146 Opus
1089 5068 1141 5125 est
1164 5054 1273 5143 igitur
1329 5037 1501 5070 w».
2140 5036 2317 5068 Ἃ
2434 5059 2435 5076 ’

275 5169 376 5228 motu
394 5155 645 5226 addicientes
660 5157 741 5225 illus
756 5156 871 5226 lentos
892 5149 1078 5241 lmmores,
1104 5171 1139 5227 ec
1152 5159 1196 5225 ad
1214 5181 1272 5226 re-
1394 5173 1426 5230 ru
1439 5175 1551 5246 oaxen.
1564 5189 1592 5245 p.
1608 5171 1679 5230 scs.
1708 5173 1782 5229 trem
1797 5153 2009 5243 ,pneuma
2018 5173 2078 5228 sse.
2098 5183 2125 5227 ιι
2139 5171 2264 5230 arm
2276 5171 2326 5229 ιιι

277 5260 478 5330 vocandum
499 5259 652 5327 calorem
667 5259 886 5343 natnmle'm‚
911 5270 953 5328 ut
971 5259 1075 5328 nervi
1090 5259 1191 5349 fungi
1206 5282 1271 5329 suo
1428 5245 1577 5299 ΜΝ·
1609 5242 1719 5298 E‘l‘ml·
1740 5244 1770 5296 Ε·
1790 5241 1823 5296 N·
1839 5246 1864 5297 ¹·
1897 5245 2003 5316 ᾸΡΨ·
2023 5243 2052 5297 ⁵¹¹
2073 5244 2135 5299 ⁰⁰⁶·
2156 5243 2246 5298 ⁰⁰⁰·
2261 5247 2328 5298 ⁴¹⁰·

269 5385 426 5432 munere
444 5359 595 5454 possint.
656 5357 788 5451 Magoa
805 5360 961 5451 dignitas
976 5375 1046 5447 est,
1075 5383 1202 5451 magna
1214 5360 1272 5430 vis
1427 5311 1560 5438 &22⁶0ss
1577 5310 1859 5454 J{,2',¹5{f,‘¹'„if⁰⁰⁸⁰'
1876 5309 2086 5386 ⁸²³⁰·¹V·¹’·
2106 5313 2328 5382 ¹⁰²·2'l¹⁸¹‘¹⁸
