4884 5950
268 163 360 242 ,ιιι
715 103 722 186 ἶ
770 153 1077 248 Aaronom
1102 151 1178 232 ur
1212 155 1448 238 exures
1478 157 1832 237 cormones.
2242 159 2326 236 aas

288 359 367 408 mos
382 332 563 428 publicus,
590 332 647 403 cui
664 330 857 424 plurimum
879 330 1068 412 debemus,
1094 354 1282 400 conserve·
1345 331 1412 404 No.
1431 334 1490 404 ts.
1787 385 1792 390 -
2115 361 2163 403 ιι.
2200 335 2306 410 lass..

235 429 238 434 ’
289 453 360 512 tur.
412 435 520 507 Nune
550 434 732 504 afferimus
759 427 1041 524 philosophicam
1070 432 1282 524 disputatio-
1346 429 1519 460 W
1938 425 1939 430 ’
2103 431 2324 468 W

289 567 390 625 nem,
416 562 507 632 quae
528 536 632 608 etiarn
654 537 807 604 formare
829 548 864 604 et
876 558 1001 604 acuere
1017 533 1149 604 iudicia
1165 535 1209 604 de
1226 557 1283 604 re-
1402 547 1424 611 †
1442 542 1478 596 tte
1491 541 1675 600 miscellaneis
1686 561 1769 597 manu
1784 540 1890 614 seriptis
1905 538 2138 606 somniantis
2152 539 2220 595 sibl.
2235 537 2329 596 Goth.

289 646 356 714 bus
374 663 448 710 non
466 637 734 708 contemnendis
750 636 891 729 poterit.
942 634 1033 706 Nam
1050 635 1283 730 indoctiqui-
1438 611 1503 712 ⁶⁰5³·
1515 613 1564 670 ¹⁰¹·
1577 631 1625 670 ¹¹⁰·
1638 611 1701 669 ²⁴⁰·
1716 631 1746 685 ¹³·
1762 607 1829 668 ⁷⁵⁵·

287 747 372 814 dam⁴
394 741 481 810 falso
507 738 690 830 religionis
713 751 895 830 praetextu
926 738 1055 832 passim
1079 737 1285 830 vituperant

288 836 563 939 philosophiam.
609 837 791 910 Adversus
806 839 893 910 tales
908 841 1078 909 fanaticas
1094 840 1283 932 opiniones

265 989 266 993 =
290 967 502 1036 magnopere
526 943 670 1034 prodest
693 942 833 1012 munire
857 941 993 1011 animos
1008 943 1101 1010 veris
1118 958 1152 1016 et
1172 941 1284 1010 lirmis

289 1047 499 1119 rationibus.
548 1043 642 1114 Nam
664 1045 824 1134 vulgaria
845 1057 1071 1134 argumenta,
1100 1067 1190 1136 quae
1209 1066 1283 1112 non
1335 1031 1527 1132 Principio
1551 1039 1631 1134 peto
1658 1065 1678 1110 a
1705 1039 1837 1126 vobis,
1861 1039 2143 1122 commilitones,
2167 1052 2209 1111 ut
2236 1042 2330 1112 boni

289 1160 490 1220 xuoxxstrant
510 1169 631 1215 rerum
653 1145 788 1228 fontes,
811 1146 914 1214 facile
928 1147 1155 1215 excutiuntur
1167 1141 1286 1215 homi·
1336 1143 1551 1228 consulatis,
1577 1144 1607 1211 si
1623 1165 1698 1213 non
1714 1144 1798 1213 satis
1814 1145 1934 1213 dextre
1952 1143 2103 1212 videbor
2119 1137 2213 1216 hanc
2240 1169 2330 1235 pro—

262 1251 408 1324 *nibus
468 1246 568 1336 Quid
601 1261 717 1318 autem
754 1249 798 1316 de
831 1247 1003 1338 dignitate
1039 1241 1286 1340 philosophiae
1336 1246 1636 1339 vinciam,quam
1657 1245 2093 1337 suscepi,administrare.
2125 1243 2328 1330 Nosenim,

290 1352 407 1444 aptius
429 1364 465 1420 et
489 1347 631 1439 gravius
655 1347 727 1418 dici
746 1361 881 1442 potest,
914 1373 1022 1442 quam
1046 1351 1143 1442 qood
1167 1349 1206 1418 in
1229 1343 1286 1417 his
1337 1349 1398 1442 qui
1416 1340 1475 1416 hic
1490 1347 1740 1439 producimur,
1766 1347 1878 1435 magis
1899 1346 2140 1417 obedientiam
2164 1362 2328 1418 nostram

291 1451 596 1547 propositionibus
610 1451 767 1522 breviter
780 1450 987 1542 posuimus?
1018 1449 1237 1520 Addidimus
1253 1461 1287 1518 et
1337 1465 1371 1522 et
1385 1449 1543 1519 studium
1560 1449 1704 1544 probari
1723 1449 1887 1519 volumus
1901 1449 2202 1540 praeceptoribus,
2215 1473 2327 1544 quarn

291 1567 468 1626 sectarum
488 1551 763 1638 controversias,
788 1553 938 1646 quarum
958 1551 1143 1643 explicatio
1165 1550 1288 1622 multi·
1339 1575 1489 1622 acumen
1513 1563 1547 1620 ct
1571 1551 1783 1620 doctrinam.
1818 1549 1980 1621 -Videtis
2010 1563 2130 1620 autem
2152 1546 2210 1621 hic
2235 1575 2327 1642 pro·

291 1657 400 1748 plices
416 1651 522 1726 habet
537 1654 707 1726 utilitates
725 1668 758 1724 et
774 1668 866 1724 certe
882 1653 1038 1744 cognitio
1052 1654 1209 1724 liberalis
1224 1667 1287 1724 est.
1341 1653 1425 1746 puni
1443 1676 1583 1722 cerream
1600 1652 1871 1742 amplissimam,
1896 1675 1988 1745 quae
2009 1653 2175 1722 omnibus
2195 1654 2325 1724 seculis

291 1758 379 1830 Peto
402 1749 529 1846 igitur,
554 1769 595 1826 ut
615 1760 758 1828 eumad
782 1751 874 1842 hanc
889 1757 1184 1848 disputationem,
1210 1767 1287 1825 tum
1340 1756 1497 1825 exercuit
1521 1755 1735 1824 noneolum
1758 1769 1898 1826 nostros
1923 1749 2089 1824 homines
2107 1755 2238 1846 peritos
2253 1756 2324 1824 do-

291 1862 337 1932 ed
355 1861 443 1930 alias
466 1883 531 1950 pro
549 1871 664 1928 vestra
687 1853 907 1928 humanitate
929 1859 1082 1947 benigne
1098 1856 1288 1928 conferatis
1341 1857 1477 1928 ctrinae
1502 1851 1735 1940 christianae,
1769 1859 1830 1950 sed
1862 1857 1969 1926 etiam
1994 1869 2130 1925 veteres
2163 1852 2327 1946 philoso-

293 1963 454 2055 operam;
488 1960 616 2030 deiude
640 1974 680 2029 ut
701 1960 789 2032 boni
814 1959 1022 2044 consulatis,
1053 1961 1082 2029 si
1106 1982 1191 2041 nos,
1226 1957 1289 2052 qui
1342 1953 1442 2052 phos.
1495 1955 1653 2030 Maxima
1670 1955 2329 2030 enimcoutroversiaestStoieiscum

292 2061 453 2136 hocloco
470 2060 743 2154 respondemus,
768 2084 956 2153 personam
970 2049 1127 2132 nostram
1143 2083 1290 2131 nonsu-
1342 2061 1422 2132 aliis
1440 2059 1542 2130 sectis
1565 2061 1610 2130 de
1627 2059 1699 2130 lato
1717 2073 1752 2130 et
1775 2061 1820 2130 de
1838 2058 2057 2134 necessitate.
2108 2059 2329 2156 Quanquam

294 2167 341 2236 tis
356 2167 476 2235 dextre
492 2163 586 2234 tueri
602 2162 815 2234 videbimur.
866 2157 1291 2233 Toursenim'hicludus
1340 2175 1457 2232 autem
1472 2156 1539 2230 hoc
1554 2162 1633 2231 loeo
1648 2183 1704 2234 res
1718 2175 1901 2234 tantanon
1917 2161 2001 2233 satis
2018 2161 2185 2253 explicari
2201 2175 2330 2254 potest,

296 2291 370 2338 nou
395 2267 438 2336 ad
466 2263 602 2356 ingenii
618 2265 910 2350 ostentationem,
935 2267 995 2335 sed
1012 2267 1054 2336 ad
1075 2265 1292 2349 exercitium,
1342 2279 1462 2336 tamen
1484 2265 1629 2355 prodest
1648 2265 1772 2334 audire
1789 2278 1970 2334 tantarum
1983 2287 2102 2333 rerum
2119 2265 2234 2356 capita
2245 2314 2261 2352 ,ι
2278 2288 2330 2334 ne

1333 791 1423 863 Atta
1455 787 1652 886 praefatio
1692 794 1734 863 la
1774 787 2075 883 disputationem
2116 783 2166 859 de
2198 793 2331 862 canta

1594 914 1663 990 per
1686 893 1877 967 occidens.
1931 893 1982 962 Φ.
2005 891 2065 962 Μ.

296 2395 367 2461 quo
401 2361 566 2436 maxime
586 2391 677 2460 opus
710 2381 762 2440 est
794 2367 980 2454 studiosis,
1019 2368 1203 2440 institutus
1229 2379 1291 2440 est.
1341 2389 1487 2458 prorsus
1509 2367 1616 2436 rudes
1638 2366 1749 2442 simus
1770 2361 1897 2436 harum
1922 2365 2218 2457 disputationum.
2276 2361 2330 2436 Et
2431 2357 2432 2364 ἵ

246 2541 248 2550 ,
293 2469 390 2543 Dixi.
1342 2469 1500 2560 prolecto
1536 2468 1722 2549 conducit,
1764 2469 1955 2538 admonere
1989 2467 2185 2552 studiosos,
2220 2481 2262 2538 nt
2285 2467 2344 2536 in-

1343 2593 1500 2652 summa,
1527 2569 1614 2663 quid
1638 2570 1864 2640 sentiendum
1885 2569 1949 2653 sit,
1975 2582 2134 2656 teneant,
2159 2583 2200 2640 ut
2224 2593 2330 2661 prae—
2431 2637 2432 2670 ,

1344 2671 1557 2742 muniantur
1577 2673 1747 2741 adversus
1769 2672 1908 2764 ineptos
1933 2674 2158 2764 quorundam
2183 2670 2331 2762 opinio-
2431 2697 2432 2738 1

1343 2787 1423 2857 nes,
1447 2797 1538 2866 quae
1556 2773 1721 2863 religioni
1744 2788 1776 2844 et
1797 2773 1949 2866 publicis
1967 2775 2127 2844 moribus
2149 2773 2331 2865 periculo·

306 2872 373 2945 No.
394 2874 455 2945 12.
500 2899 507 2902 “
1073 2871 1292 2956 ’(ιι.1534.)
1342 2889 1510 2946 sursunt.
1560 2872 1787 2946 Cumautem
1809 2874 1979 2944 maximas
1996 2875 2168 2946 utilitates
2189 2877 2332 2945 aulerre

305 2968 478 2999 Μ
1112 2965 1286 2995 “⁸'‘
1342 2977 1485 3046 soleatis
1502 2972 1557 3046 his
1575 2978 1753 3063 materiis,
1770 3000 1860 3072 quae
1875 2970 1934 3045 bic
1950 2991 2217 3068 proponuntur,
2239 3002 2331 3046 con-

364 3082 389 3150 †
406 3080 444 3133 u.
454 3079 636 3136 miscellaneis
651 3074 733 3136 mairo
747 3082 858 3155 scripu·
872 3070 1115 3152 Sceptaatlltro'i
1124 3085 1154 3136 tn
1169 3078 1293 3137 biblioth
1344 3079 1529 3158 veniebat,
1556 3102 1620 3148 vos
1634 3085 1678 3148 ad
1696 3080 1951 3169 disputandum
1968 3080 2129 3148 coulerrc
2144 3079 2330 3172 aliquanto

402 3149 817 3250 Geth-9⁰⁶³·VN0224Q·9·⁷⁵·
1336 3181 1432 3272 plus
1452 3202 1600 3273 operae,
1634 3205 1680 3250 ne
1713 3182 1814 3252 vobis
1846 3180 1915 3272 ipsi
1949 3180 2068 3250 deesse
2102 3181 2331 3256 videremini.

1342 3281 1465 3376 Neque
1488 3283 1583 3350 enim
1610 3283 1779 3370 explicari
1799 3281 1969 3351 materiae
1989 3298 2156 3375 possunt,
2190 3283 2262 3352 nisi
2286 3280 2331 3353 iu

1343 3383 1585 3458 contentione.
1636 3380 1685 3454 Et
1699 3399 1814 3455 vestra
1839 3384 2028 3455 assiduitas
2045 3385 2206 3454 excitaret
2224 3408 2330 3475 prse-

1307 3501 1310 3510 “
1343 3501 1501 3575 captores
1523 3500 1557 3556 et
1582 3485 1717 3577 levaret
1746 3487 1797 3558 eis
1825 3485 2024 3556 molestiam
2052 3481 2154 3556 huius
2170 3483 2331 3556 laboris.

298 3561 397 3650 (ium
410 3569 527 3645 omnis
543 3575 742 3648 exercitatio
757 3578 901 3650 dicendi
916 3601 1063 3670 magnos
1075 3580 1177 3651 affert
1191 3582 1292 3652 utili·
1342 3585 1436 3657 Dixi.

297 3691 404 3760 tates,
436 3676 515 3748 tum
538 3669 628 3749 ,haec
658 3679 748 3748 ratio
772 3681 978 3772 disputandi
1002 3683 1167 3774 inprimis
1196 3685 1291 3756 uruit

247 3395 254 3406 ‚
322 3319 525 3419 Praefatio
549 3333 637 3398 onte
657 3323 960 3502 dupgmiim
988 3325 1267 3428 Witteaberpue.

297 3779 547 3864 adolescentes,
572 3779 611 3848 iu
626 3803 694 3872 qua
709 3781 838 3878 diserte
851 3787 1085 3854 ostendantur
1098 3807 1289 3876 argumen-
1348 3831 2330 3852 ...m-...mm
2431 3869 2432 3880 ἵ

299 3896 419 3964 torum
444 3895 577 3972 partes,
609 3895 645 3952 et
668 3887 903 3971 monstratur,
935 3886 974 3954 in
993 3910 1061 3978 qua
1082 3900 1183 3978 parte
1204 3888 1290 3959 vitia

297 3984 384 4054 sint.
436 3981 621 4103 Quautum
654 4000 773 4056 autem
804 3987 1102 4080 lucis-accipiant
1127 4013 1291 4102 magnae,
1354 4013 1420 4084 No,
1441 4014 1498 4086 14,
1882 4056 1898 4072 e
2120 4021 2188 4099 (an.
2218 4022 2334 4104 1534.)

297 4087 470 4156 obscurae
484 4099 518 4153 et
531 4099 714 4158 rutrrcatae
729 4112 852 4160 causae
864 4115 905 4159 ex
918 4084 985 4162 hac
998 4089 1120 4160 subtili
1136 4094 1290 4182 partium
1347 4109 1520 4140 Μ
2110 4112 2328 4152 *⁶⁹¹⁹

298 4184 438 4280 analysi
460 4199 565 4280 atque
588 4189 839 4278 explicatione,
869 4191 972 4262 facile
994 4189 1145 4262 iudicari
1165 4207 1291 4286 potest.
1410 4230 1429 4296 p
1456 4225 1492 4278 E,
1524 4223 1664 4288 samam·
1682 4225 1771 4281 flans.-
1796 4223 1979 4282 miscellaneis
2004 4231 2067 4280 mer.
2093 4221 2123 4278 ἱιι
2152 4224 2223 4281 bist.
2245 4223 2328 4280 Goth.

268 4343 270 4348 ,
300 4282 416 4358 Plato
434 4311 515 4356 vere
528 4302 563 4358 et
583 4291 737 4380 graviter
753 4293 860 4378 dixit,
884 4287 976 4364 haue
994 4294 1087 4364 viam
1103 4309 1208 4388 atque
1233 4321 1291 4366 ra·
1448 4315 1494 4352 ¹¹⁰·
1506 4298 1568 4350 ²⁴⁰·
1586 4297 1644 4354 1³⁰¹·
1659 4317 1686 4370 t·
1702 4296 1768 4354 ⁶⁹⁶·

300 4391 438 4462 tionem
468 4388 591 4460 lumen
620 4405 724 4484 atque
752 4394 932 4464 flammam
956 4419 1029 4465 esse
1050 4397 1224 4468 divinitus
1246 4401 1289 4468 ad

235 4537 238 4549 ·
299 4487 464 4562 homines
480 4492 697 4588 translatam.
732 4493 853 4584 Quare
871 4497 1029 4568 libenter
1041 4497 1079 4566 iu
1096 4493 1151 4568 his
1167 4501 1291 4592 dispu-
1346 4474 1570 4548 Graiarum
1597 4475 1695 4572 “9¹5⁰
1723 4461 2333 4568 ⁰“0i0l'ephllll’1’0Mel-*l

301 4595 497 4666 talionibus
512 4620 671 4666 exercere
687 4621 724 4667 se
739 4600 888 4672 studiosi
903 4602 1034 4690 dehent
1048 4615 1082 4672 et
1097 4601 1195 4671 illam
1212 4627 1293 4673 coe·
1345 4619 1442 4708 Cum
1469 4648 1713 4728 praeceptores
1730 4633 1844 4705 nomi
1869 4633 2078 4704 mandarint
2094 4627 2204 4718 mihi,
2228 4647 2270 4703 ug
2293 4632 2336 4704 qn

199 4765 202 4770 ’
237 4730 240 4736 Δ
301 4697 426 4764 lem
451 4697 629 4766 flammam
653 4701 874 4774 “summ“
926 4700 1013 4772 vidi
1032 4727 1095 4792 ‘²3⁰
1114 4719 1293 4796 q⁰⁰⁵⁵³¹³⁸
1344 4731 1413 4806 hoc
1440 4732 1691 4806 honestissimo
1715 4750 1820 4808 coetu
1842 4739 1886 4806 de
1922 4759 2022 4805 more
2056 4757 2158 4825 egam
2189 4737 2337 4824 gratias,

226 4891 227 4896 ,
305 4811 402 4864 ¹¹¹⁰²³
423 4797 496 4879 lace
512 4822 667 4870 ’ΝΜ
690 4801 869 4887 fl³¹⁰¹¹'³³2
895 4819 929 4874 ‘l
947 4828 1070 4874 ‘urm
1087 4805 1188 4874 ”⁰¹¹⁰
1206 4831 1294 4876 ⁰⁰¹¹·
1344 4841 1500 4927 gamleo,
1526 4833 1615 4907 milri
1631 4861 1689 4908 eas
1706 4843 1822 4929 partes
1838 4841 1935 4908 datas
1951 4861 2045 4922 esse,
2070 4836 2258 4931 inquibus
2276 4839 2338 4907 ol-

305 4895 582 5013 crttierttemoci.
637 4900 857 4992 ldprolecto
881 4907 1066 4977 acciditet
1089 4902 1219 5024 ixx-huc
1244 4933 1297 4982 re.
1345 4941 1462 5010 ficium
1487 4940 1596 5031 magis
1619 4963 1727 5034 quam
1749 4941 1953 5036 eloquentia
1978 4953 2166 5032 spectatur,
2218 4939 2336 5034 spem

305 4995 538 5085 Extingurtur
559 4998 627 5072 hoc
647 5005 795 5074 coeleste
818 5015 969 5092 taurinen,
1000 5031 1068 5078 urst
1092 5025 1243 5098 agrtetur
1260 5026 1295 5082 et

307 5099 511 5193 quaerendo
526 5127 566 5172 ac
583 5105 797 5194 disputando
810 5123 1021 5182 exerceatur.
1055 5109 1293 5204 ltaquespero
1340 5149 1343 5160 ·

306 5223 371 5271 vos
393 5200 541 5270 istorum
563 5207 696 5290 studia,
728 5209 790 5301 qui
813 5204 871 5279 hic
894 5211 1096 5302 disputant,
1123 5237 1196 5283 non
1222 5237 1294 5283 egge
1379 5211 1411 5274 *p
1430 5207 1491 5260 Scri
1503 5215 1537 5260 ιιι
1553 5215 1592 5260 ert
1606 5206 1692 5260 oratio
1712 5197 1740 5260 iri
1756 5225 1834 5260 usum
1847 5206 1982 5274 studiosi,
2002 5217 2033 5260 ut
2051 5207 2167 5262 nomine
2180 5207 2335 5280 Magistro-

304 5325 552 5394 reprensuros,
577 5308 638 5374 “sd
657 5309 769 5380 muno
786 5311 896 5401 magis
912 5315 1137 5407 probaturos·
1174 5312 1270 5386 Dixi·
1340 5364 1346 5382 ἰ
1414 5273 1777 5400 ἱῖῗιὰὲξξὶἓῑιιίιέἳπιίυηι,
1797 5277 1964 5341 ulvitletur,
1981 5277 2083 5348 gratias
2100 5289 2193 5348 agent
2211 5279 2335 5336 domn*-
