<?xml version="1.0" encoding="UTF-8"?>
<!DOCTYPE html PUBLIC "-//W3C//DTD XHTML 1.0 Transitional//EN"
    "http://www.w3.org/TR/xhtml1/DTD/xhtml1-transitional.dtd">
<html xmlns="http://www.w3.org/1999/xhtml" xml:lang="en" lang="en">
 <head>
  <title>
</title>
<meta http-equiv="Content-Type" content="text/html;charset=utf-8" />
  <meta name='ocr-system' content='tesseract 3.04.00' />
  <meta name='ocr-capabilities' content='ocr_page ocr_carea ocr_par ocr_line ocrx_word'/>
</head>
<body>
  <div class='ocr_page' id='page_1' title='image "./philippimelanth07bindgoog_0416.png"; bbox 0 0 4888 5962; ppageno 0'>
   <div class='ocr_carea' id='block_1_1' title="bbox 315 213 392 336">
    <p class='ocr_par' dir='ltr' id='par_1_1' title="bbox 315 213 392 336">
     <span class='ocr_line' id='line_1_1' title="bbox 315 213 392 336; baseline 0 -1"><span class='ocrx_word' id='word_1_1' title='bbox 315 213 392 336; x_wconf 79' lang='lat' dir='ltr'>sos</span> 
     </span>
    </p>
   </div>
   <div class='ocr_carea' id='block_1_2' title="bbox 880 237 1764 348">
    <p class='ocr_par' dir='ltr' id='par_1_2' title="bbox 880 237 1764 348">
     <span class='ocr_line' id='line_1_2' title="bbox 880 237 1764 348; baseline -0.006 -18"><span class='ocrx_word' id='word_1_2' title='bbox 880 237 1307 348; x_wconf 73' lang='lat' dir='ltr'>Q&#39;nnns‘rt&#39;on‘as</span> <span class='ocrx_word' id='word_1_3' title='bbox 1359 243 1764 326; x_wconf 69' lang='lat' dir='ltr'>solutumst.</span> 
     </span>
    </p>
   </div>
   <div class='ocr_carea' id='block_1_3' title="bbox 2268 249 2346 326">
    <p class='ocr_par' dir='ltr' id='par_1_3' title="bbox 2268 249 2346 326">
     <span class='ocr_line' id='line_1_3' title="bbox 2268 249 2346 326; baseline 0.013 -2"><span class='ocrx_word' id='word_1_4' title='bbox 2268 249 2346 326; x_wconf 74' lang='lat'>804</span> 
     </span>
    </p>
   </div>
   <div class='ocr_carea' id='block_1_4' title="bbox 321 378 2356 632">
    <p class='ocr_par' dir='ltr' id='par_1_4' title="bbox 321 378 2356 632">
     <span class='ocr_line' id='line_1_4' title="bbox 355 378 2356 524; baseline -0.007 -18"><span class='ocrx_word' id='word_1_5' title='bbox 355 485 362 508; x_wconf 86' lang='lat'>.</span> <span class='ocrx_word' id='word_1_6' title='bbox 421 431 476 504; x_wconf 89' lang='lat' dir='ltr'>Te</span> <span class='ocrx_word' id='word_1_7' title='bbox 498 441 616 504; x_wconf 84' lang='lat' dir='ltr'>eutem</span> <span class='ocrx_word' id='word_1_8' title='bbox 638 425 810 502; x_wconf 89' lang='lat' dir='ltr'>adhortor</span> <span class='ocrx_word' id='word_1_9' title='bbox 831 429 875 498; x_wconf 88' lang='lat' dir='ltr'>ad</span> <span class='ocrx_word' id='word_1_10' title='bbox 896 423 1004 500; x_wconf 89' lang='lat' dir='ltr'>buius</span> <span class='ocrx_word' id='word_1_11' title='bbox 1018 420 1233 524; x_wconf 61' lang='lat' dir='ltr'>quaestionis</span> <span class='ocrx_word' id='word_1_12' title='bbox 1250 443 1309 495; x_wconf 80' lang='lat' dir='ltr'>ex·</span> <span class='ocrx_word' id='word_1_13' title='bbox 1339 401 1518 515; x_wconf 64' lang='lat' dir='ltr'>&#39;ternpore</span> <span class='ocrx_word' id='word_1_14' title='bbox 1547 378 1839 516; x_wconf 84' lang='lat' dir='ltr'>respirationem,</span> <span class='ocrx_word' id='word_1_15' title='bbox 1870 422 2105 496; x_wconf 69' lang='lat' dir='ltr'>certissimam</span> <span class='ocrx_word' id='word_1_16' title='bbox 2130 445 2172 494; x_wconf 87' lang='lat' dir='ltr'>ac</span> <span class='ocrx_word' id='word_1_17' title='bbox 2200 421 2356 494; x_wconf 88' lang='lat' dir='ltr'>subitam</span> 
     </span>
     <span class='ocr_line' id='line_1_5' title="bbox 321 525 1891 632; baseline -0.006 -25"><span class='ocrx_word' id='word_1_18' title='bbox 321 531 569 630; x_wconf 83' lang='lat' dir='ltr'>plicationem,</span> <span class='ocrx_word' id='word_1_19' title='bbox 594 547 629 606; x_wconf 87' lang='lat' dir='ltr'>et</span> <span class='ocrx_word' id='word_1_20' title='bbox 643 533 756 604; x_wconf 84' lang='lat' dir='ltr'>fillum</span> <span class='ocrx_word' id='word_1_21' title='bbox 774 531 845 602; x_wconf 89' lang='lat' dir='ltr'>Dei</span> <span class='ocrx_word' id='word_1_22' title='bbox 860 529 1059 632; x_wconf 70' lang='lat' dir='ltr'>Dominum</span> <span class='ocrx_word' id='word_1_23' title='bbox 1075 543 1237 600; x_wconf 80' lang='lat' dir='ltr'>nostrum</span> <span class='ocrx_word' id='word_1_24' title='bbox 1256 526 1311 597; x_wconf 89' lang='lat' dir='ltr'>le·</span> <span class='ocrx_word' id='word_1_25' title='bbox 1358 538 1509 598; x_wconf 88' lang='lat' dir='ltr'>mortem</span> <span class='ocrx_word' id='word_1_26' title='bbox 1523 525 1651 598; x_wconf 82' lang='lat' dir='ltr'>afferre</span> <span class='ocrx_word' id='word_1_27' title='bbox 1664 525 1891 624; x_wconf 78' lang='lat' dir='ltr'>animalibus.</span> 
     </span>
    </p>
   </div>
   <div class='ocr_carea' id='block_1_5' title="bbox 322 630 1311 825">
    <p class='ocr_par' dir='ltr' id='par_1_5' title="bbox 322 630 1311 825">
     <span class='ocr_line' id='line_1_6' title="bbox 322 630 1311 726; baseline -0.009 -17"><span class='ocrx_word' id='word_1_28' title='bbox 322 663 402 710; x_wconf 90' lang='lat' dir='ltr'>sum</span> <span class='ocrx_word' id='word_1_29' title='bbox 420 633 602 710; x_wconf 73' lang='lat' dir='ltr'><strong>Christum</strong></span> <span class='ocrx_word' id='word_1_30' title='bbox 627 660 692 706; x_wconf 94' lang='lat' dir='ltr'>oro</span> <span class='ocrx_word' id='word_1_31' title='bbox 712 647 788 706; x_wconf 93' lang='lat' dir='ltr'>toto</span> <span class='ocrx_word' id='word_1_32' title='bbox 810 630 971 726; x_wconf 85' lang='lat' dir='ltr'>peclore,</span> <span class='ocrx_word' id='word_1_33' title='bbox 996 645 1037 704; x_wconf 92' lang='lat' dir='ltr'>ut</span> <span class='ocrx_word' id='word_1_34' title='bbox 1057 651 1123 702; x_wconf 89' lang='lat' dir='ltr'>nos</span> <span class='ocrx_word' id='word_1_35' title='bbox 1139 643 1251 722; x_wconf 83' lang='lat' dir='ltr'>regat,</span> <span class='ocrx_word' id='word_1_36' title='bbox 1276 641 1311 700; x_wconf 90' lang='lat' dir='ltr'>et</span> 
     </span>
     <span class='ocr_line' id='line_1_7' title="bbox 322 731 1145 825; baseline -0.01 -15"><span class='ocrx_word' id='word_1_37' title='bbox 322 742 439 812; x_wconf 85' lang='lat' dir='ltr'>lucem</span> <span class='ocrx_word' id='word_1_38' title='bbox 456 738 612 810; x_wconf 82' lang='lat' dir='ltr'>veritatis</span> <span class='ocrx_word' id='word_1_39' title='bbox 628 761 703 808; x_wconf 90' lang='lat' dir='ltr'>uon</span> <span class='ocrx_word' id='word_1_40' title='bbox 718 735 811 806; x_wconf 89' lang='lat' dir='ltr'>sinat</span> <span class='ocrx_word' id='word_1_41' title='bbox 828 733 996 825; x_wconf 84' lang='lat' dir='ltr'>extingui.</span> <span class='ocrx_word' id='word_1_42' title='bbox 1049 731 1145 805; x_wconf 86' lang='lat' dir='ltr'>Dixi.</span> 
     </span>
    </p>
   </div>
   <div class='ocr_carea' id='block_1_6' title="bbox 617 999 1304 1041">
    <p class='ocr_par' dir='ltr' id='par_1_6' title="bbox 617 999 1304 1041">
     <span class='ocr_line' id='line_1_8' title="bbox 684 999 1304 1018; baseline -0.016 3"><span class='ocrx_word' id='word_1_43' title='bbox 684 1003 1150 1018; x_wconf 54' lang='lat' dir='ltr'>Mon-u·</span> <span class='ocrx_word' id='word_1_44' title='bbox 1158 999 1304 1012; x_wconf 55' lang='lat' dir='ltr'>a*</span> 
     </span>
     <span class='ocr_line' id='line_1_9' title="bbox 617 1025 950 1041; baseline 0 0"><span class='ocrx_word' id='word_1_45' title='bbox 617 1025 625 1036; x_wconf 61' lang='lat'>¹*</span> <span class='ocrx_word' id='word_1_46' title='bbox 947 1029 950 1041; x_wconf 85' lang='lat' dir='ltr'>t</span> 
     </span>
    </p>
   </div>
   <div class='ocr_carea' id='block_1_7' title="bbox 1073 1196 1313 1268">
    <p class='ocr_par' dir='ltr' id='par_1_7' title="bbox 1073 1196 1313 1268">
     <span class='ocr_line' id='line_1_10' title="bbox 1073 1196 1313 1268; baseline -0.021 -4"><span class='ocrx_word' id='word_1_47' title='bbox 1073 1199 1105 1268; x_wconf 79' lang='lat' dir='ltr'>b.</span> <span class='ocrx_word' id='word_1_48' title='bbox 1119 1197 1201 1263; x_wconf 86' lang='lat' dir='ltr'>Nor.</span> <span class='ocrx_word' id='word_1_49' title='bbox 1218 1196 1313 1262; x_wconf 79' lang='lat'><strong>1550.</strong></span> 
     </span>
    </p>
   </div>
   <div class='ocr_carea' id='block_1_8' title="bbox 329 1196 1304 1345">
    <p class='ocr_par' dir='ltr' id='par_1_8' title="bbox 329 1196 1304 1345">
     <span class='ocr_line' id='line_1_11' title="bbox 330 1196 490 1272; baseline -0.006 -3"><span class='ocrx_word' id='word_1_50' title='bbox 330 1197 400 1269; x_wconf 86' lang='lat' dir='ltr'>No.</span> <span class='ocrx_word' id='word_1_51' title='bbox 424 1196 490 1272; x_wconf 78' lang='grc'>45.</span> 
     </span>
     <span class='ocr_line' id='line_1_12' title="bbox 329 1307 1304 1345; baseline 0.004 -4"><span class='ocrx_word' id='word_1_52' title='bbox 329 1309 501 1341; x_wconf 57' lang='grc' dir='ltr'>»ων</span> <span class='ocrx_word' id='word_1_53' title='bbox 1092 1307 1304 1345; x_wconf 54' lang='lat' dir='ltr'>ww</span> 
     </span>
    </p>
   </div>
   <div class='ocr_carea' id='block_1_9' title="bbox 334 1419 753 1497">
    <p class='ocr_par' dir='ltr' id='par_1_9' title="bbox 334 1413 753 1497">
     <span class='ocr_line' id='line_1_13' title="bbox 334 1419 753 1497; baseline 0.01 -21"><span class='ocrx_word' id='word_1_54' title='bbox 334 1439 343 1458; x_wconf 85' lang='lat'><strong>·</strong></span> <span class='ocrx_word' id='word_1_55' title='bbox 390 1422 425 1477; x_wconf 84' lang='lat' dir='ltr'>ln</span> <span class='ocrx_word' id='word_1_56' title='bbox 444 1419 604 1491; x_wconf 79' lang='lat' dir='ltr'>Quaestion.</span> <span class='ocrx_word' id='word_1_57' title='bbox 622 1441 650 1497; x_wconf 86' lang='lat' dir='ltr'>p.</span> <span class='ocrx_word' id='word_1_58' title='bbox 667 1425 753 1484; x_wconf 67' lang='lat' dir='ltr'>toth.</span> 
     </span>
    </p>
   </div>
   <div class='ocr_carea' id='block_1_10' title="bbox 322 1586 1313 1903">
    <p class='ocr_par' dir='ltr' id='par_1_10' title="bbox 322 1586 1313 1903">
     <span class='ocr_line' id='line_1_14' title="bbox 323 1586 1311 1699; baseline 0.005 -30"><span class='ocrx_word' id='word_1_59' title='bbox 323 1603 498 1684; x_wconf 78' lang='lat' dir='ltr'>Quaestio</span> <span class='ocrx_word' id='word_1_60' title='bbox 524 1623 548 1673; x_wconf 83' lang='lat' dir='ltr'>a</span> <span class='ocrx_word' id='word_1_61' title='bbox 572 1603 720 1674; x_wconf 81' lang='lat' dir='ltr'>Panlo</span> <span class='ocrx_word' id='word_1_62' title='bbox 747 1599 889 1674; x_wconf 82' lang='lat' dir='ltr'>libero</span> <span class='ocrx_word' id='word_1_63' title='bbox 915 1586 1016 1699; x_wconf 77' lang='lat' dir='ltr'>filio,</span> <span class='ocrx_word' id='word_1_64' title='bbox 1047 1598 1311 1674; x_wconf 83' lang='lat' dir='ltr'>nondnmooto</span> 
     </span>
     <span class='ocr_line' id='line_1_15' title="bbox 322 1706 1312 1794; baseline 0.003 -23"><span class='ocrx_word' id='word_1_65' title='bbox 322 1723 528 1791; x_wconf 82' lang='lat' dir='ltr'>annorum,</span> <span class='ocrx_word' id='word_1_66' title='bbox 552 1709 738 1794; x_wconf 75' lang='lat' dir='ltr'>recitata,</span> <span class='ocrx_word' id='word_1_67' title='bbox 764 1727 850 1776; x_wconf 83' lang='lat' dir='ltr'>cum</span> <span class='ocrx_word' id='word_1_68' title='bbox 864 1706 1312 1776; x_wconf 78' lang='lat' dir='ltr'>renunciaretttrltoctos·</span> 
     </span>
     <span class='ocr_line' id='line_1_16' title="bbox 322 1804 1313 1903; baseline 0.003 -28"><span class='ocrx_word' id='word_1_69' title='bbox 322 1809 422 1877; x_wconf 84' lang='lat' dir='ltr'>ortis</span> <span class='ocrx_word' id='word_1_70' title='bbox 431 1806 607 1878; x_wconf 82' lang='lat' dir='ltr'>Medione</span> <span class='ocrx_word' id='word_1_71' title='bbox 618 1810 725 1903; x_wconf 79' lang='lat' dir='ltr'>Mag.</span> <span class='ocrx_word' id='word_1_72' title='bbox 740 1809 860 1880; x_wconf 82' lang='lat' dir='ltr'>Paul</span> <span class='ocrx_word' id='word_1_73' title='bbox 868 1830 920 1878; x_wconf 84' lang='lat' dir='ltr'>us</span> <span class='ocrx_word' id='word_1_74' title='bbox 939 1809 974 1878; x_wconf 85' lang='lat' dir='ltr'><em>V</em></span> <span class='ocrx_word' id='word_1_75' title='bbox 975 1804 1171 1896; x_wconf 79' lang='lat' dir='ltr'>udinese,</span> <span class='ocrx_word' id='word_1_76' title='bbox 1189 1807 1313 1880; x_wconf 85' lang='lat' dir='ltr'>Salis·</span> 
     </span>
    </p>
   </div>
   <div class='ocr_carea' id='block_1_11' title="bbox 488 1905 1144 2005">
    <p class='ocr_par' dir='ltr' id='par_1_11' title="bbox 488 1905 1144 2005">
     <span class='ocr_line' id='line_1_17' title="bbox 488 1905 1144 2005; baseline -0.006 -25"><span class='ocrx_word' id='word_1_77' title='bbox 488 1905 708 2005; x_wconf 80' lang='lat' dir='ltr'>burgensis,</span> <span class='ocrx_word' id='word_1_78' title='bbox 736 1931 799 1982; x_wconf 80' lang='lat' dir='ltr'>ors.</span> <span class='ocrx_word' id='word_1_79' title='bbox 816 1908 926 1984; x_wconf 81' lang='lat'><strong>1550.</strong></span> <span class='ocrx_word' id='word_1_80' title='bbox 945 1906 983 1979; x_wconf 86' lang='lat' dir='ltr'>d.</span> <span class='ocrx_word' id='word_1_81' title='bbox 994 1906 1037 1982; x_wconf 80' lang='grc'>6.</span> <span class='ocrx_word' id='word_1_82' title='bbox 1052 1911 1144 1979; x_wconf 85' lang='grc' dir='ltr'><strong><em>Νου.</em></strong></span> 
     </span>
    </p>
   </div>
   <div class='ocr_carea' id='block_1_12' title="bbox 316 2057 1313 3486">
    <p class='ocr_par' dir='ltr' id='par_1_12' title="bbox 316 2057 1313 3486">
     <span class='ocr_line' id='line_1_18' title="bbox 316 2057 1312 2152; baseline -0.008 -6"><span class='ocrx_word' id='word_1_83' title='bbox 316 2057 415 2146; x_wconf 77' lang='lat' dir='ltr'>Non</span> <span class='ocrx_word' id='word_1_84' title='bbox 430 2073 528 2142; x_wconf 85' lang='lat' dir='ltr'>decet</span> <span class='ocrx_word' id='word_1_85' title='bbox 544 2097 657 2142; x_wconf 90' lang='lat' dir='ltr'>meam</span> <span class='ocrx_word' id='word_1_86' title='bbox 676 2081 845 2152; x_wconf 89' lang='lat' dir='ltr'>aetatem,</span> <span class='ocrx_word' id='word_1_87' title='bbox 870 2093 990 2140; x_wconf 79' lang='lat' dir='ltr'>causas</span> <span class='ocrx_word' id='word_1_88' title='bbox 1005 2064 1113 2140; x_wconf 89' lang='lat' dir='ltr'>huius</span> <span class='ocrx_word' id='word_1_89' title='bbox 1130 2069 1239 2140; x_wconf 90' lang='lat' dir='ltr'>moris</span> <span class='ocrx_word' id='word_1_90' title='bbox 1255 2069 1312 2140; x_wconf 91' lang='lat' dir='ltr'>iu-</span> 
     </span>
     <span class='ocr_line' id='line_1_19' title="bbox 322 2171 1312 2265; baseline -0.002 -23"><span class='ocrx_word' id='word_1_91' title='bbox 322 2175 482 2265; x_wconf 88' lang='lat' dir='ltr'>quirere,</span> <span class='ocrx_word' id='word_1_92' title='bbox 508 2197 572 2243; x_wconf 91' lang='lat' dir='ltr'>cur</span> <span class='ocrx_word' id='word_1_93' title='bbox 593 2172 749 2242; x_wconf 79' lang='lat' dir='ltr'>Maiores</span> <span class='ocrx_word' id='word_1_94' title='bbox 766 2173 878 2242; x_wconf 86' lang='lat' dir='ltr'>nostri</span> <span class='ocrx_word' id='word_1_95' title='bbox 895 2171 1074 2242; x_wconf 90' lang='lat' dir='ltr'>volueriut</span> <span class='ocrx_word' id='word_1_96' title='bbox 1090 2171 1241 2258; x_wconf 83' lang='lat' dir='ltr'>Pueros,</span> <span class='ocrx_word' id='word_1_97' title='bbox 1273 2171 1312 2240; x_wconf 92' lang='lat' dir='ltr'>in</span> 
     </span>
     <span class='ocr_line' id='line_1_20' title="bbox 321 2267 1312 2366; baseline -0.004 -19"><span class='ocrx_word' id='word_1_98' title='bbox 321 2267 388 2347; x_wconf 87' lang='lat' dir='ltr'>bos</span> <span class='ocrx_word' id='word_1_99' title='bbox 405 2287 525 2344; x_wconf 90' lang='lat' dir='ltr'>coetus</span> <span class='ocrx_word' id='word_1_100' title='bbox 542 2274 828 2344; x_wconf 76' lang='lat' dir='ltr'>doctissimorum</span> <span class='ocrx_word' id='word_1_101' title='bbox 844 2275 1003 2345; x_wconf 88' lang='lat' dir='ltr'>virorum</span> <span class='ocrx_word' id='word_1_102' title='bbox 1025 2277 1219 2366; x_wconf 88' lang='lat' dir='ltr'>productos</span> <span class='ocrx_word' id='word_1_103' title='bbox 1233 2297 1312 2343; x_wconf 86' lang='lat' dir='ltr'>ver-</span> 
     </span>
     <span class='ocr_line' id='line_1_21' title="bbox 321 2375 1313 2469; baseline 0 -25"><span class='ocrx_word' id='word_1_104' title='bbox 321 2375 367 2444; x_wconf 90' lang='lat' dir='ltr'>ba</span> <span class='ocrx_word' id='word_1_105' title='bbox 382 2376 510 2446; x_wconf 87' lang='lat' dir='ltr'>facere:</span> <span class='ocrx_word' id='word_1_106' title='bbox 539 2375 610 2447; x_wconf 83' lang='lat' dir='ltr'>set</span> <span class='ocrx_word' id='word_1_107' title='bbox 626 2401 777 2469; x_wconf 90' lang='lat' dir='ltr'>aequum</span> <span class='ocrx_word' id='word_1_108' title='bbox 795 2389 863 2460; x_wconf 91' lang='lat' dir='ltr'>est,</span> <span class='ocrx_word' id='word_1_109' title='bbox 886 2401 942 2444; x_wconf 92' lang='lat' dir='ltr'>me</span> <span class='ocrx_word' id='word_1_110' title='bbox 957 2389 1159 2445; x_wconf 75' lang='lat' dir='ltr'>reverenter</span> <span class='ocrx_word' id='word_1_111' title='bbox 1174 2376 1313 2446; x_wconf 89' lang='lat' dir='ltr'>obtem-</span> 
     </span>
     <span class='ocr_line' id='line_1_22' title="bbox 321 2471 1313 2576; baseline 0.001 -31"><span class='ocrx_word' id='word_1_112' title='bbox 321 2499 445 2576; x_wconf 69' lang='lat' dir='ltr'>perare</span> <span class='ocrx_word' id='word_1_113' title='bbox 460 2477 523 2558; x_wconf 91' lang='lat' dir='ltr'>iis,</span> <span class='ocrx_word' id='word_1_114' title='bbox 550 2502 702 2570; x_wconf 82' lang='lat' dir='ltr'>quornm</span> <span class='ocrx_word' id='word_1_115' title='bbox 718 2473 931 2549; x_wconf 76' lang='lat' dir='ltr'>authoritate</span> <span class='ocrx_word' id='word_1_116' title='bbox 948 2471 1017 2548; x_wconf 90' lang='lat' dir='ltr'>huc</span> <span class='ocrx_word' id='word_1_117' title='bbox 1037 2479 1224 2547; x_wconf 89' lang='lat' dir='ltr'>ascendere</span> <span class='ocrx_word' id='word_1_118' title='bbox 1238 2475 1313 2546; x_wconf 88' lang='lat' dir='ltr'>ius·</span> 
     </span>
     <span class='ocr_line' id='line_1_23' title="bbox 321 2577 1312 2673; baseline 0 -25"><span class='ocrx_word' id='word_1_119' title='bbox 321 2602 381 2662; x_wconf 86' lang='lat' dir='ltr'>sus</span> <span class='ocrx_word' id='word_1_120' title='bbox 395 2600 495 2662; x_wconf 88' lang='lat' dir='ltr'>snm,</span> <span class='ocrx_word' id='word_1_121' title='bbox 526 2603 614 2673; x_wconf 88' lang='lat' dir='ltr'>quos</span> <span class='ocrx_word' id='word_1_122' title='bbox 632 2580 863 2670; x_wconf 81' lang='lat' dir='ltr'>magnifacere</span> <span class='ocrx_word' id='word_1_123' title='bbox 877 2604 933 2648; x_wconf 89' lang='lat' dir='ltr'>me</span> <span class='ocrx_word' id='word_1_124' title='bbox 948 2577 1064 2648; x_wconf 92' lang='lat' dir='ltr'>divini</span> <span class='ocrx_word' id='word_1_125' title='bbox 1080 2578 1238 2650; x_wconf 89' lang='lat' dir='ltr'>mandati</span> <span class='ocrx_word' id='word_1_126' title='bbox 1252 2603 1312 2648; x_wconf 84' lang='lat' dir='ltr'>eo-</span> 
     </span>
     <span class='ocr_line' id='line_1_24' title="bbox 318 2679 1312 2770; baseline 0.002 -22"><span class='ocrx_word' id='word_1_127' title='bbox 318 2681 372 2770; x_wconf 88' lang='lat' dir='ltr'>git</span> <span class='ocrx_word' id='word_1_128' title='bbox 394 2679 571 2754; x_wconf 88' lang='lat' dir='ltr'>severitas.</span> <span class='ocrx_word' id='word_1_129' title='bbox 631 2679 751 2770; x_wconf 87' lang='lat' dir='ltr'>Quare</span> <span class='ocrx_word' id='word_1_130' title='bbox 767 2683 894 2751; x_wconf 91' lang='lat' dir='ltr'>omissa</span> <span class='ocrx_word' id='word_1_131' title='bbox 916 2680 1070 2770; x_wconf 80' lang='lat' dir='ltr'>longiori</span> <span class='ocrx_word' id='word_1_132' title='bbox 1087 2681 1312 2751; x_wconf 88' lang='lat' dir='ltr'>excusatione</span> 
     </span>
     <span class='ocr_line' id='line_1_25' title="bbox 320 2777 1312 2874; baseline -0.002 -22"><span class='ocrx_word' id='word_1_133' title='bbox 320 2777 428 2852; x_wconf 88' lang='lat' dir='ltr'>huius</span> <span class='ocrx_word' id='word_1_134' title='bbox 450 2783 519 2852; x_wconf 88' lang='lat' dir='ltr'>mei</span> <span class='ocrx_word' id='word_1_135' title='bbox 541 2783 644 2867; x_wconf 85' lang='lat' dir='ltr'>facti,</span> <span class='ocrx_word' id='word_1_136' title='bbox 676 2783 830 2874; x_wconf 89' lang='lat' dir='ltr'>primum</span> <span class='ocrx_word' id='word_1_137' title='bbox 855 2782 922 2853; x_wconf 89' lang='lat' dir='ltr'>tibi</span> <span class='ocrx_word' id='word_1_138' title='bbox 945 2782 1135 2852; x_wconf 85' lang='lat' dir='ltr'>clarissime</span> <span class='ocrx_word' id='word_1_139' title='bbox 1157 2779 1312 2852; x_wconf 84' lang='lat' dir='ltr'>Domine</span> 
     </span>
     <span class='ocr_line' id='line_1_26' title="bbox 319 2875 1311 2978; baseline -0.005 -23"><span class='ocrx_word' id='word_1_140' title='bbox 319 2880 455 2956; x_wconf 89' lang='lat' dir='ltr'>Doctor</span> <span class='ocrx_word' id='word_1_141' title='bbox 466 2875 601 2970; x_wconf 79' lang='lat' dir='ltr'>Paule,</span> <span class='ocrx_word' id='word_1_142' title='bbox 624 2898 767 2975; x_wconf 85' lang='lat' dir='ltr'>propter</span> <span class='ocrx_word' id='word_1_143' title='bbox 782 2886 990 2968; x_wconf 91' lang='lat' dir='ltr'>amicitiam,</span> <span class='ocrx_word' id='word_1_144' title='bbox 1016 2907 1107 2978; x_wconf 90' lang='lat' dir='ltr'>quae</span> <span class='ocrx_word' id='word_1_145' title='bbox 1122 2907 1200 2954; x_wconf 90' lang='lat' dir='ltr'>meo</span> <span class='ocrx_word' id='word_1_146' title='bbox 1214 2881 1311 2952; x_wconf 89' lang='lat' dir='ltr'>Patri</span> 
     </span>
     <span class='ocr_line' id='line_1_27' title="bbox 319 2977 1310 3080; baseline -0.002 -24"><span class='ocrx_word' id='word_1_147' title='bbox 319 2998 438 3056; x_wconf 90' lang='lat' dir='ltr'>tecum</span> <span class='ocrx_word' id='word_1_148' title='bbox 455 2999 526 3070; x_wconf 91' lang='lat' dir='ltr'>est,</span> <span class='ocrx_word' id='word_1_149' title='bbox 550 2987 709 3075; x_wconf 86' lang='lat' dir='ltr'>gratulor</span> <span class='ocrx_word' id='word_1_150' title='bbox 725 2977 831 3057; x_wconf 84' lang='lat' dir='ltr'>istur&#39;n</span> <span class='ocrx_word' id='word_1_151' title='bbox 847 2981 1038 3072; x_wconf 91' lang='lat' dir='ltr'>honorem,</span> <span class='ocrx_word' id='word_1_152' title='bbox 1063 3009 1168 3080; x_wconf 88' lang='lat' dir='ltr'>quern</span> <span class='ocrx_word' id='word_1_153' title='bbox 1184 2999 1219 3055; x_wconf 90' lang='lat' dir='ltr'>et</span> <span class='ocrx_word' id='word_1_154' title='bbox 1236 2985 1310 3076; x_wconf 88' lang='lat' dir='ltr'>pie-</span> 
     </span>
     <span class='ocr_line' id='line_1_28' title="bbox 319 3083 1312 3180; baseline 0 -24"><span class='ocrx_word' id='word_1_155' title='bbox 319 3099 374 3156; x_wconf 88' lang='lat' dir='ltr'>tas</span> <span class='ocrx_word' id='word_1_156' title='bbox 395 3100 430 3156; x_wconf 89' lang='lat' dir='ltr'>et</span> <span class='ocrx_word' id='word_1_157' title='bbox 450 3086 603 3157; x_wconf 85' lang='lat' dir='ltr'>eruditio</span> <span class='ocrx_word' id='word_1_158' title='bbox 629 3100 690 3158; x_wconf 93' lang='lat' dir='ltr'>tua</span> <span class='ocrx_word' id='word_1_159' title='bbox 712 3103 884 3159; x_wconf 89' lang='lat' dir='ltr'>merctur:</span> <span class='ocrx_word' id='word_1_160' title='bbox 919 3102 953 3158; x_wconf 92' lang='lat' dir='ltr'>et</span> <span class='ocrx_word' id='word_1_161' title='bbox 969 3111 1095 3180; x_wconf 90' lang='lat' dir='ltr'>precor</span> <span class='ocrx_word' id='word_1_162' title='bbox 1109 3083 1247 3172; x_wconf 90' lang='lat' dir='ltr'>Deum,</span> <span class='ocrx_word' id='word_1_163' title='bbox 1272 3099 1312 3156; x_wconf 94' lang='lat' dir='ltr'>ut</span> 
     </span>
     <span class='ocr_line' id='line_1_29' title="bbox 320 3187 1311 3282; baseline 0.002 -26"><span class='ocrx_word' id='word_1_164' title='bbox 320 3199 382 3257; x_wconf 90' lang='lat' dir='ltr'>tua</span> <span class='ocrx_word' id='word_1_165' title='bbox 410 3187 527 3258; x_wconf 86' lang='lat' dir='ltr'>studia</span> <span class='ocrx_word' id='word_1_166' title='bbox 555 3201 591 3258; x_wconf 88' lang='lat' dir='ltr'>et</span> <span class='ocrx_word' id='word_1_167' title='bbox 618 3187 873 3260; x_wconf 81' lang='lat' dir='ltr'>meditationes</span> <span class='ocrx_word' id='word_1_168' title='bbox 900 3190 974 3282; x_wconf 85' lang='lat' dir='ltr'>ipse</span> <span class='ocrx_word' id='word_1_169' title='bbox 995 3189 1187 3258; x_wconf 89' lang='lat' dir='ltr'>clementer</span> <span class='ocrx_word' id='word_1_170' title='bbox 1213 3201 1311 3277; x_wconf 91' lang='lat' dir='ltr'>regat</span> 
     </span>
     <span class='ocr_line' id='line_1_30' title="bbox 321 3286 1311 3385; baseline 0.003 -28"><span class='ocrx_word' id='word_1_171' title='bbox 321 3311 361 3358; x_wconf 91' lang='lat' dir='ltr'>ac</span> <span class='ocrx_word' id='word_1_172' title='bbox 381 3286 558 3373; x_wconf 83' lang='lat' dir='ltr'>idrtuuet,</span> <span class='ocrx_word' id='word_1_173' title='bbox 584 3303 619 3360; x_wconf 92' lang='lat' dir='ltr'>et</span> <span class='ocrx_word' id='word_1_174' title='bbox 642 3290 803 3375; x_wconf 87' lang='lat' dir='ltr'>adiuvet,</span> <span class='ocrx_word' id='word_1_175' title='bbox 832 3305 874 3385; x_wconf 79' lang='lat' dir='ltr'>pt</span> <span class='ocrx_word' id='word_1_176' title='bbox 891 3289 952 3360; x_wconf 87' lang='lat' dir='ltr'>lias</span> <span class='ocrx_word' id='word_1_177' title='bbox 969 3313 1141 3379; x_wconf 88' lang='lat' dir='ltr'>organum</span> <span class='ocrx_word' id='word_1_178' title='bbox 1158 3287 1311 3360; x_wconf 86' lang='lat' dir='ltr'>salutare</span> 
     </span>
     <span class='ocr_line' id='line_1_31' title="bbox 321 3388 1230 3486; baseline 0.002 -26"><span class='ocrx_word' id='word_1_179' title='bbox 321 3388 504 3482; x_wconf 83' lang='lat' dir='ltr'>plurimis,</span> <span class='ocrx_word' id='word_1_180' title='bbox 529 3403 626 3461; x_wconf 88' lang='lat' dir='ltr'>tuam</span> <span class='ocrx_word' id='word_1_181' title='bbox 641 3415 745 3483; x_wconf 90' lang='lat' dir='ltr'>opem</span> <span class='ocrx_word' id='word_1_182' title='bbox 758 3392 930 3462; x_wconf 90' lang='lat' dir='ltr'>medicam</span> <span class='ocrx_word' id='word_1_183' title='bbox 945 3391 1230 3486; x_wconf 83' lang='lat' dir='ltr'>implorantibus.</span> 
     </span>
    </p>
   </div>
   <div class='ocr_carea' id='block_1_13' title="bbox 319 3501 1310 3906">
    <p class='ocr_par' dir='ltr' id='par_1_13' title="bbox 319 3501 1310 3906">
     <span class='ocr_line' id='line_1_32' title="bbox 418 3501 1310 3603; baseline 0.003 -26"><span class='ocrx_word' id='word_1_184' title='bbox 418 3503 559 3578; x_wconf 86' lang='lat' dir='ltr'>Deinde</span> <span class='ocrx_word' id='word_1_185' title='bbox 572 3531 636 3600; x_wconf 92' lang='lat' dir='ltr'>pro</span> <span class='ocrx_word' id='word_1_186' title='bbox 651 3501 852 3580; x_wconf 90' lang='lat' dir='ltr'>scholarum</span> <span class='ocrx_word' id='word_1_187' title='bbox 866 3533 964 3579; x_wconf 90' lang='lat' dir='ltr'>more</span> <span class='ocrx_word' id='word_1_188' title='bbox 972 3509 1212 3603; x_wconf 87' lang='lat' dir='ltr'>quaestionem</span> <span class='ocrx_word' id='word_1_189' title='bbox 1226 3533 1310 3602; x_wconf 92' lang='lat' dir='ltr'>pro-</span> 
     </span>
     <span class='ocr_line' id='line_1_33' title="bbox 319 3611 1310 3704; baseline -0.001 -24"><span class='ocrx_word' id='word_1_190' title='bbox 319 3633 437 3704; x_wconf 89' lang='lat' dir='ltr'>pono,</span> <span class='ocrx_word' id='word_1_191' title='bbox 469 3625 722 3700; x_wconf 76' lang='lat' dir='ltr'>congruentem</span> <span class='ocrx_word' id='word_1_192' title='bbox 744 3633 825 3680; x_wconf 92' lang='lat' dir='ltr'>cum</span> <span class='ocrx_word' id='word_1_193' title='bbox 848 3611 1089 3703; x_wconf 87' lang='lat' dir='ltr'>disputatione</span> <span class='ocrx_word' id='word_1_194' title='bbox 1112 3624 1171 3682; x_wconf 84' lang='lat' dir='ltr'>tna</span> <span class='ocrx_word' id='word_1_195' title='bbox 1191 3612 1310 3702; x_wconf 91' lang='lat' dir='ltr'>proxi-</span> 
     </span>
     <span class='ocr_line' id='line_1_34' title="bbox 320 3711 1310 3805; baseline 0.002 -25"><span class='ocrx_word' id='word_1_196' title='bbox 320 3735 395 3796; x_wconf 86' lang='lat' dir='ltr'>ma,</span> <span class='ocrx_word' id='word_1_197' title='bbox 421 3711 459 3780; x_wconf 93' lang='lat' dir='ltr'>in</span> <span class='ocrx_word' id='word_1_198' title='bbox 484 3735 552 3805; x_wconf 85' lang='lat' dir='ltr'>qua</span> <span class='ocrx_word' id='word_1_199' title='bbox 575 3711 705 3782; x_wconf 85' lang='lat' dir='ltr'>diceris</span> <span class='ocrx_word' id='word_1_200' title='bbox 725 3733 863 3797; x_wconf 86' lang='lat' dir='ltr'>causas,</span> <span class='ocrx_word' id='word_1_201' title='bbox 887 3714 1142 3796; x_wconf 78' lang='lat' dir='ltr'>utilitates,‘et</span> <span class='ocrx_word' id='word_1_202' title='bbox 1158 3711 1310 3804; x_wconf 80' lang='lat' dir='ltr'>inmedi-</span> 
     </span>
     <span class='ocr_line' id='line_1_35' title="bbox 320 3812 1247 3906; baseline 0.002 -22"><span class='ocrx_word' id='word_1_203' title='bbox 320 3827 440 3886; x_wconf 81' lang='lat' dir='ltr'>menta</span> <span class='ocrx_word' id='word_1_204' title='bbox 457 3812 698 3906; x_wconf 85' lang='lat' dir='ltr'>respirationis</span> <span class='ocrx_word' id='word_1_205' title='bbox 712 3815 814 3883; x_wconf 90' lang='lat' dir='ltr'>docte</span> <span class='ocrx_word' id='word_1_206' title='bbox 828 3815 1037 3906; x_wconf 78' lang='lat' dir='ltr'>explicasse,</span> <span class='ocrx_word' id='word_1_207' title='bbox 1062 3814 1247 3886; x_wconf 84' lang='lat' dir='ltr'>videlicett</span> 
     </span>
    </p>
   </div>
   <div class='ocr_carea' id='block_1_14' title="bbox 317 3943 1311 5138">
    <p class='ocr_par' dir='ltr' id='par_1_14' title="bbox 317 3943 1311 5138">
     <span class='ocr_line' id='line_1_36' title="bbox 422 3943 1309 4032; baseline -0.001 -13"><span class='ocrx_word' id='word_1_208' title='bbox 422 3944 481 4019; x_wconf 80' lang='lat' dir='ltr'>An</span> <span class='ocrx_word' id='word_1_209' title='bbox 503 3959 596 4018; x_wconf 87' lang='lat' dir='ltr'>recte</span> <span class='ocrx_word' id='word_1_210' title='bbox 617 3943 744 4017; x_wconf 86' lang='lat' dir='ltr'>dixerit</span> <span class='ocrx_word' id='word_1_211' title='bbox 768 3945 927 4018; x_wconf 87' lang='lat' dir='ltr'>Galenus</span> <span class='ocrx_word' id='word_1_212' title='bbox 952 3961 986 4018; x_wconf 88' lang='lat' dir='ltr'>et</span> <span class='ocrx_word' id='word_1_213' title='bbox 1014 3945 1096 4032; x_wconf 91' lang='lat' dir='ltr'>alii,</span> <span class='ocrx_word' id='word_1_214' title='bbox 1120 3947 1254 4017; x_wconf 90' lang='lat' dir='ltr'>foetum</span> <span class='ocrx_word' id='word_1_215' title='bbox 1271 3947 1309 4018; x_wconf 92' lang='lat' dir='ltr'>in</span> 
     </span>
     <span class='ocr_line' id='line_1_37' title="bbox 319 4049 1310 4140; baseline 0 -20"><span class='ocrx_word' id='word_1_216' title='bbox 319 4063 422 4120; x_wconf 89' lang='lat' dir='ltr'>utero</span> <span class='ocrx_word' id='word_1_217' title='bbox 442 4063 602 4120; x_wconf 87' lang='lat' dir='ltr'>materno</span> <span class='ocrx_word' id='word_1_218' title='bbox 624 4069 698 4118; x_wconf 91' lang='lat' dir='ltr'>non</span> <span class='ocrx_word' id='word_1_219' title='bbox 723 4049 912 4140; x_wconf 89' lang='lat' dir='ltr'>respirare,</span> <span class='ocrx_word' id='word_1_220' title='bbox 952 4063 1099 4120; x_wconf 90' lang='lat' dir='ltr'>attracto</span> <span class='ocrx_word' id='word_1_221' title='bbox 1121 4073 1185 4139; x_wconf 90' lang='lat' dir='ltr'>per</span> <span class='ocrx_word' id='word_1_222' title='bbox 1207 4071 1310 4120; x_wconf 87' lang='lat' dir='ltr'>nares</span> 
     </span>
     <span class='ocr_line' id='line_1_38' title="bbox 320 4149 1311 4242; baseline 0.001 -22"><span class='ocrx_word' id='word_1_223' title='bbox 320 4164 382 4221; x_wconf 80' lang='lat' dir='ltr'>aut</span> <span class='ocrx_word' id='word_1_224' title='bbox 395 4173 436 4220; x_wconf 88' lang='lat' dir='ltr'>os</span> <span class='ocrx_word' id='word_1_225' title='bbox 449 4153 548 4230; x_wconf 80' lang='lat' dir='ltr'>alise,</span> <span class='ocrx_word' id='word_1_226' title='bbox 573 4149 633 4219; x_wconf 92' lang='lat' dir='ltr'>sed</span> <span class='ocrx_word' id='word_1_227' title='bbox 659 4152 850 4240; x_wconf 84' lang='lat' dir='ltr'>temperari</span> <span class='ocrx_word' id='word_1_228' title='bbox 864 4151 1017 4220; x_wconf 88' lang='lat' dir='ltr'>calorem</span> <span class='ocrx_word' id='word_1_229' title='bbox 1032 4151 1148 4220; x_wconf 90' lang='lat' dir='ltr'>cordis</span> <span class='ocrx_word' id='word_1_230' title='bbox 1163 4151 1226 4219; x_wconf 92' lang='lat' dir='ltr'>illo</span> <span class='ocrx_word' id='word_1_231' title='bbox 1242 4175 1311 4242; x_wconf 89' lang='lat' dir='ltr'>pn·</span> 
     </span>
     <span class='ocr_line' id='line_1_39' title="bbox 320 4251 1310 4345; baseline 0.001 -23"><span class='ocrx_word' id='word_1_232' title='bbox 320 4252 461 4322; x_wconf 89' lang='lat' dir='ltr'>rissimo</span> <span class='ocrx_word' id='word_1_233' title='bbox 481 4251 652 4340; x_wconf 82' lang='lat' dir='ltr'>sanguine</span> <span class='ocrx_word' id='word_1_234' title='bbox 674 4265 708 4320; x_wconf 91' lang='lat' dir='ltr'>et</span> <span class='ocrx_word' id='word_1_235' title='bbox 727 4251 873 4342; x_wconf 89' lang='lat' dir='ltr'>spiritu,</span> <span class='ocrx_word' id='word_1_236' title='bbox 898 4255 959 4345; x_wconf 86' lang='lat' dir='ltr'>qni</span> <span class='ocrx_word' id='word_1_237' title='bbox 977 4252 1115 4322; x_wconf 89' lang='lat' dir='ltr'>duabus</span> <span class='ocrx_word' id='word_1_238' title='bbox 1132 4254 1249 4337; x_wconf 89' lang='lat' dir='ltr'>venis,</span> <span class='ocrx_word' id='word_1_239' title='bbox 1276 4265 1310 4323; x_wconf 92' lang='lat' dir='ltr'>et</span> 
     </span>
     <span class='ocr_line' id='line_1_40' title="bbox 319 4352 1308 4443; baseline -0.004 -17"><span class='ocrx_word' id='word_1_240' title='bbox 319 4355 470 4426; x_wconf 90' lang='lat' dir='ltr'>totidem</span> <span class='ocrx_word' id='word_1_241' title='bbox 486 4352 623 4422; x_wconf 85' lang='lat' dir='ltr'>arteriis</span> <span class='ocrx_word' id='word_1_242' title='bbox 639 4375 680 4420; x_wconf 85' lang='lat' dir='ltr'>ex</span> <span class='ocrx_word' id='word_1_243' title='bbox 695 4367 853 4422; x_wconf 87' lang='lat' dir='ltr'>materna</span> <span class='ocrx_word' id='word_1_244' title='bbox 867 4355 948 4424; x_wconf 84' lang='lat' dir='ltr'>also</span> <span class='ocrx_word' id='word_1_245' title='bbox 967 4377 1028 4443; x_wconf 88' lang='lat' dir='ltr'>per</span> <span class='ocrx_word' id='word_1_246' title='bbox 1044 4354 1252 4424; x_wconf 86' lang='lat' dir='ltr'>umbilicum</span> <span class='ocrx_word' id='word_1_247' title='bbox 1271 4353 1308 4423; x_wconf 93' lang='lat' dir='ltr'>in</span> 
     </span>
     <span class='ocr_line' id='line_1_41' title="bbox 318 4449 1309 4537; baseline -0.001 -11"><span class='ocrx_word' id='word_1_248' title='bbox 318 4479 449 4526; x_wconf 77' lang='lat' dir='ltr'>venam</span> <span class='ocrx_word' id='word_1_249' title='bbox 463 4477 583 4525; x_wconf 85' lang='lat' dir='ltr'>cavam</span> <span class='ocrx_word' id='word_1_250' title='bbox 593 4467 628 4524; x_wconf 91' lang='lat' dir='ltr'>et</span> <span class='ocrx_word' id='word_1_251' title='bbox 641 4467 775 4524; x_wconf 86' lang='lat' dir='ltr'>aortsm</span> <span class='ocrx_word' id='word_1_252' title='bbox 791 4453 937 4524; x_wconf 88' lang='lat' dir='ltr'>infantis</span> <span class='ocrx_word' id='word_1_253' title='bbox 952 4449 1152 4537; x_wconf 84' lang='lat' dir='ltr'>invehitur,</span> <span class='ocrx_word' id='word_1_254' title='bbox 1175 4455 1309 4525; x_wconf 80' lang='lat' dir='ltr'>atinde</span> 
     </span>
     <span class='ocr_line' id='line_1_42' title="bbox 318 4555 1309 4653; baseline 0.001 -27"><span class='ocrx_word' id='word_1_255' title='bbox 318 4582 383 4653; x_wconf 88' lang='lat' dir='ltr'>per</span> <span class='ocrx_word' id='word_1_256' title='bbox 399 4569 533 4628; x_wconf 89' lang='lat' dir='ltr'>meatus</span> <span class='ocrx_word' id='word_1_257' title='bbox 549 4555 738 4650; x_wconf 87' lang='lat' dir='ltr'>quosdam,</span> <span class='ocrx_word' id='word_1_258' title='bbox 762 4557 986 4648; x_wconf 86' lang='lat' dir='ltr'>peculiariter</span> <span class='ocrx_word' id='word_1_259' title='bbox 1000 4561 1043 4626; x_wconf 91' lang='lat' dir='ltr'>ad</span> <span class='ocrx_word' id='word_1_260' title='bbox 1064 4557 1099 4624; x_wconf 92' lang='lat' dir='ltr'>id</span> <span class='ocrx_word' id='word_1_261' title='bbox 1117 4559 1245 4642; x_wconf 89' lang='lat' dir='ltr'>factos,</span> <span class='ocrx_word' id='word_1_262' title='bbox 1269 4557 1309 4627; x_wconf 95' lang='lat' dir='ltr'>in</span> 
     </span>
     <span class='ocr_line' id='line_1_43' title="bbox 320 4657 1309 4752; baseline -0.002 -24"><span class='ocrx_word' id='word_1_263' title='bbox 320 4661 526 4750; x_wconf 88' lang='lat' dir='ltr'>pulmonem</span> <span class='ocrx_word' id='word_1_264' title='bbox 541 4657 762 4748; x_wconf 71' lang='lat' dir='ltr'>infunditur,</span> <span class='ocrx_word' id='word_1_265' title='bbox 796 4673 900 4752; x_wconf 86' lang='lat' dir='ltr'>atque</span> <span class='ocrx_word' id='word_1_266' title='bbox 915 4660 954 4729; x_wconf 90' lang='lat' dir='ltr'>in</span> <span class='ocrx_word' id='word_1_267' title='bbox 971 4659 1179 4729; x_wconf 84' lang='lat' dir='ltr'>dilatatione</span> <span class='ocrx_word' id='word_1_268' title='bbox 1192 4660 1309 4729; x_wconf 90' lang='lat' dir='ltr'>cordis</span> 
     </span>
     <span class='ocr_line' id='line_1_44' title="bbox 320 4755 1309 4846; baseline -0.003 -14"><span class='ocrx_word' id='word_1_269' title='bbox 320 4761 405 4832; x_wconf 87' lang='lat' dir='ltr'>inde</span> <span class='ocrx_word' id='word_1_270' title='bbox 425 4755 633 4830; x_wconf 80' lang='lat' dir='ltr'>exhauritur</span> <span class='ocrx_word' id='word_1_271' title='bbox 652 4758 690 4828; x_wconf 88' lang='lat' dir='ltr'>in</span> <span class='ocrx_word' id='word_1_272' title='bbox 713 4759 896 4832; x_wconf 90' lang='lat' dir='ltr'>sinistrum</span> <span class='ocrx_word' id='word_1_273' title='bbox 919 4761 1155 4831; x_wconf 88' lang='lat' dir='ltr'>ventriculum</span> <span class='ocrx_word' id='word_1_274' title='bbox 1179 4761 1309 4846; x_wconf 89' lang='lat' dir='ltr'>cordis,</span> 
     </span>
     <span class='ocr_line' id='line_1_45' title="bbox 319 4861 1309 4954; baseline -0.002 -22"><span class='ocrx_word' id='word_1_275' title='bbox 319 4875 424 4954; x_wconf 84' lang='lat' dir='ltr'>atque</span> <span class='ocrx_word' id='word_1_276' title='bbox 440 4862 505 4947; x_wconf 88' lang='lat' dir='ltr'>ita,</span> <span class='ocrx_word' id='word_1_277' title='bbox 535 4875 576 4934; x_wconf 92' lang='lat' dir='ltr'>ut</span> <span class='ocrx_word' id='word_1_278' title='bbox 597 4861 664 4954; x_wconf 90' lang='lat' dir='ltr'>ipsi</span> <span class='ocrx_word' id='word_1_279' title='bbox 684 4862 829 4946; x_wconf 91' lang='lat' dir='ltr'>dicunt,</span> <span class='ocrx_word' id='word_1_280' title='bbox 855 4875 1006 4950; x_wconf 87' lang='lat' dir='ltr'>praestat</span> <span class='ocrx_word' id='word_1_281' title='bbox 1024 4863 1119 4932; x_wconf 86' lang='lat' dir='ltr'>idem</span> <span class='ocrx_word' id='word_1_282' title='bbox 1134 4862 1233 4930; x_wconf 89' lang='lat' dir='ltr'>cordi</span> <span class='ocrx_word' id='word_1_283' title='bbox 1251 4863 1309 4930; x_wconf 87' lang='lat' dir='ltr'>in-</span> 
     </span>
     <span class='ocr_line' id='line_1_46' title="bbox 319 4953 1309 5057; baseline -0.003 -21"><span class='ocrx_word' id='word_1_284' title='bbox 319 4963 427 5036; x_wconf 84' lang='lat' dir='ltr'>lantis</span> <span class='ocrx_word' id='word_1_285' title='bbox 443 4963 480 5032; x_wconf 92' lang='lat' dir='ltr'>in</span> <span class='ocrx_word' id='word_1_286' title='bbox 495 4977 615 5044; x_wconf 90' lang='lat' dir='ltr'>utero,</span> <span class='ocrx_word' id='word_1_287' title='bbox 641 4966 737 5057; x_wconf 93' lang='lat' dir='ltr'>quod</span> <span class='ocrx_word' id='word_1_288' title='bbox 752 4965 882 5034; x_wconf 90' lang='lat' dir='ltr'>adultis</span> <span class='ocrx_word' id='word_1_289' title='bbox 898 4953 1063 5036; x_wconf 76' lang='lat' dir='ltr'>externus</span> <span class='ocrx_word' id='word_1_290' title='bbox 1079 4963 1142 5033; x_wconf 80' lang='lat' dir='ltr'>aiir</span> <span class='ocrx_word' id='word_1_291' title='bbox 1158 4987 1222 5054; x_wconf 91' lang='lat' dir='ltr'>per</span> <span class='ocrx_word' id='word_1_292' title='bbox 1234 4965 1309 5056; x_wconf 92' lang='lat' dir='ltr'>spi·</span> 
     </span>
     <span class='ocr_line' id='line_1_47' title="bbox 317 5065 689 5138; baseline 0 0"><span class='ocrx_word' id='word_1_293' title='bbox 317 5065 493 5138; x_wconf 86' lang='lat' dir='ltr'>rationem</span> <span class='ocrx_word' id='word_1_294' title='bbox 510 5077 689 5138; x_wconf 84' lang='lat' dir='ltr'>attractus.</span> 
     </span>
    </p>
   </div>
   <div class='ocr_carea' id='block_1_15' title="bbox 318 5195 1307 5497">
    <p class='ocr_par' dir='ltr' id='par_1_15' title="bbox 318 5195 1307 5497">
     <span class='ocr_line' id='line_1_48' title="bbox 421 5195 1307 5291; baseline 0.005 -23"><span class='ocrx_word' id='word_1_295' title='bbox 421 5195 517 5268; x_wconf 86' lang='lat' dir='ltr'>Haec</span> <span class='ocrx_word' id='word_1_296' title='bbox 537 5200 710 5269; x_wconf 81' lang='lat' dir='ltr'>sententia</span> <span class='ocrx_word' id='word_1_297' title='bbox 733 5199 958 5269; x_wconf 91' lang='lat' dir='ltr'>Medicorum</span> <span class='ocrx_word' id='word_1_298' title='bbox 985 5199 1128 5270; x_wconf 87' lang='lat' dir='ltr'>videtur</span> <span class='ocrx_word' id='word_1_299' title='bbox 1150 5215 1307 5291; x_wconf 82' lang='lat' dir='ltr'>pugnare</span> 
     </span>
     <span class='ocr_line' id='line_1_49' title="bbox 318 5301 1306 5391; baseline -0.002 -17"><span class='ocrx_word' id='word_1_300' title='bbox 318 5328 399 5374; x_wconf 91' lang='lat' dir='ltr'>cum</span> <span class='ocrx_word' id='word_1_301' title='bbox 416 5302 476 5385; x_wconf 87' lang='lat' dir='ltr'>iis,</span> <span class='ocrx_word' id='word_1_302' title='bbox 498 5323 588 5391; x_wconf 82' lang='lat' dir='ltr'>qtrae</span> <span class='ocrx_word' id='word_1_303' title='bbox 602 5303 770 5370; x_wconf 87' lang='lat' dir='ltr'>dicuntur</span> <span class='ocrx_word' id='word_1_304' title='bbox 785 5304 828 5370; x_wconf 91' lang='lat' dir='ltr'>de</span> <span class='ocrx_word' id='word_1_305' title='bbox 843 5301 967 5370; x_wconf 85' lang='lat' dir='ltr'>officiis</span> <span class='ocrx_word' id='word_1_306' title='bbox 981 5316 1015 5371; x_wconf 87' lang='lat' dir='ltr'>et</span> <span class='ocrx_word' id='word_1_307' title='bbox 1028 5303 1233 5373; x_wconf 84' lang='lat' dir='ltr'>necessitate</span> <span class='ocrx_word' id='word_1_308' title='bbox 1249 5327 1306 5372; x_wconf 87' lang='lat' dir='ltr'>re-</span> 
     </span>
     <span class='ocr_line' id='line_1_50' title="bbox 318 5400 1305 5497; baseline 0.002 -21"><span class='ocrx_word' id='word_1_309' title='bbox 318 5401 539 5497; x_wconf 86' lang='lat' dir='ltr'>spirationis,</span> <span class='ocrx_word' id='word_1_310' title='bbox 565 5400 631 5470; x_wconf 89' lang='lat' dir='ltr'>·ubi</span> <span class='ocrx_word' id='word_1_311' title='bbox 653 5427 776 5472; x_wconf 70' lang='lat' dir='ltr'>oscines</span> <span class='ocrx_word' id='word_1_312' title='bbox 799 5406 973 5490; x_wconf 85' lang='lat' dir='ltr'>fatentur,</span> <span class='ocrx_word' id='word_1_313' title='bbox 998 5405 1163 5474; x_wconf 87' lang='lat' dir='ltr'>omissam</span> <span class='ocrx_word' id='word_1_314' title='bbox 1179 5407 1305 5496; x_wconf 82' lang='lat' dir='ltr'>exiguo</span> 
     </span>
    </p>
   </div>
   <div class='ocr_carea' id='block_1_16' title="bbox 1360 671 2358 864">
    <p class='ocr_par' dir='ltr' id='par_1_16' title="bbox 1360 671 2358 864">
     <span class='ocr_line' id='line_1_51' title="bbox 1460 671 2357 764; baseline -0.001 -19"><span class='ocrx_word' id='word_1_315' title='bbox 1460 671 1552 745; x_wconf 90' lang='lat' dir='ltr'>Cum</span> <span class='ocrx_word' id='word_1_316' title='bbox 1566 675 1677 764; x_wconf 91' lang='lat' dir='ltr'>igitur</span> <span class='ocrx_word' id='word_1_317' title='bbox 1692 674 1810 746; x_wconf 89' lang='lat' dir='ltr'>infans</span> <span class='ocrx_word' id='word_1_318' title='bbox 1824 675 1864 745; x_wconf 92' lang='lat' dir='ltr'>in</span> <span class='ocrx_word' id='word_1_319' title='bbox 1880 687 1981 746; x_wconf 91' lang='lat' dir='ltr'>utero</span> <span class='ocrx_word' id='word_1_320' title='bbox 1997 673 2094 743; x_wconf 86' lang='lat' dir='ltr'>vivat</span> <span class='ocrx_word' id='word_1_321' title='bbox 2107 685 2142 746; x_wconf 91' lang='lat' dir='ltr'>et</span> <span class='ocrx_word' id='word_1_322' title='bbox 2157 687 2357 760; x_wconf 87' lang='lat' dir='ltr'>moveatur,</span> 
     </span>
     <span class='ocr_line' id='line_1_52' title="bbox 1360 775 2358 864; baseline -0.002 -18"><span class='ocrx_word' id='word_1_323' title='bbox 1360 789 1394 848; x_wconf 91' lang='lat' dir='ltr'>et</span> <span class='ocrx_word' id='word_1_324' title='bbox 1411 775 1568 846; x_wconf 91' lang='lat' dir='ltr'>inclusus</span> <span class='ocrx_word' id='word_1_325' title='bbox 1588 777 1643 846; x_wconf 91' lang='lat' dir='ltr'>illi</span> <span class='ocrx_word' id='word_1_326' title='bbox 1659 802 1721 849; x_wconf 88' lang='lat' dir='ltr'>ceu</span> <span class='ocrx_word' id='word_1_327' title='bbox 1738 779 1866 864; x_wconf 90' lang='lat' dir='ltr'>furno,</span> <span class='ocrx_word' id='word_1_328' title='bbox 1892 775 2106 846; x_wconf 90' lang='lat' dir='ltr'>calidissimo</span> <span class='ocrx_word' id='word_1_329' title='bbox 2129 776 2255 846; x_wconf 90' lang='lat' dir='ltr'>matris</span> <span class='ocrx_word' id='word_1_330' title='bbox 2277 787 2358 845; x_wconf 89' lang='lat' dir='ltr'>ute-</span> 
     </span>
    </p>
   </div>
   <div class='ocr_carea' id='block_1_17' title="bbox 1359 875 2357 968">
    <p class='ocr_par' dir='ltr' id='par_1_17' title="bbox 1359 875 2357 968">
     <span class='ocr_line' id='line_1_53' title="bbox 1359 875 2357 968; baseline -0.002 -20"><span class='ocrx_word' id='word_1_331' title='bbox 1359 879 1420 959; x_wconf 82' lang='lat' dir='ltr'>ro,</span> <span class='ocrx_word' id='word_1_332' title='bbox 1450 877 1561 968; x_wconf 89' lang='lat' dir='ltr'>magis</span> <span class='ocrx_word' id='word_1_333' title='bbox 1583 879 1687 950; x_wconf 89' lang='lat' dir='ltr'>etiam</span> <span class='ocrx_word' id='word_1_334' title='bbox 1709 877 1976 968; x_wconf 81' lang='lat' dir='ltr'>refrigeratione</span> <span class='ocrx_word' id='word_1_335' title='bbox 1998 877 2158 968; x_wconf 86' lang='lat' dir='ltr'>indigere</span> <span class='ocrx_word' id='word_1_336' title='bbox 2179 875 2357 958; x_wconf 86' lang='lat' dir='ltr'>videatur,</span> 
     </span>
    </p>
   </div>
   <div class='ocr_carea' id='block_1_18' title="bbox 1360 974 2359 1578">
    <p class='ocr_par' dir='ltr' id='par_1_18' title="bbox 1360 974 2359 1578">
     <span class='ocr_line' id='line_1_54' title="bbox 1360 974 2359 1073; baseline 0 -25"><span class='ocrx_word' id='word_1_337' title='bbox 1360 1005 1466 1073; x_wconf 90' lang='lat' dir='ltr'>quam</span> <span class='ocrx_word' id='word_1_338' title='bbox 1488 980 1575 1048; x_wconf 88' lang='lat' dir='ltr'>editi</span> <span class='ocrx_word' id='word_1_339' title='bbox 1599 981 1636 1050; x_wconf 92' lang='lat' dir='ltr'>in</span> <span class='ocrx_word' id='word_1_340' title='bbox 1661 974 1753 1050; x_wconf 92' lang='lat' dir='ltr'>hanc</span> <span class='ocrx_word' id='word_1_341' title='bbox 1775 981 1911 1066; x_wconf 88' lang='lat' dir='ltr'>lucem,</span> <span class='ocrx_word' id='word_1_342' title='bbox 1936 979 2000 1050; x_wconf 90' lang='lat' dir='ltr'>ubi</span> <span class='ocrx_word' id='word_1_343' title='bbox 2017 979 2359 1049; x_wconf 89' lang='lat' dir='ltr'>circumfunduntur</span> 
     </span>
     <span class='ocr_line' id='line_1_55' title="bbox 1360 1081 2357 1174; baseline -0.001 -23"><span class='ocrx_word' id='word_1_344' title='bbox 1360 1087 1440 1152; x_wconf 74' lang='lat' dir='ltr'>aire</span> <span class='ocrx_word' id='word_1_345' title='bbox 1465 1081 1614 1171; x_wconf 88' lang='lat' dir='ltr'>frigido:</span> <span class='ocrx_word' id='word_1_346' title='bbox 1656 1083 1838 1174; x_wconf 89' lang='lat' dir='ltr'>quomodo</span> <span class='ocrx_word' id='word_1_347' title='bbox 1867 1082 1942 1154; x_wconf 86' lang='lat' dir='ltr'>fieri</span> <span class='ocrx_word' id='word_1_348' title='bbox 1968 1093 2100 1172; x_wconf 90' lang='lat' dir='ltr'>potest,</span> <span class='ocrx_word' id='word_1_349' title='bbox 2132 1092 2173 1149; x_wconf 96' lang='lat' dir='ltr'>ut</span> <span class='ocrx_word' id='word_1_350' title='bbox 2195 1104 2256 1150; x_wconf 91' lang='lat' dir='ltr'>cor</span> <span class='ocrx_word' id='word_1_351' title='bbox 2278 1103 2357 1150; x_wconf 89' lang='lat' dir='ltr'>uun</span> 
     </span>
     <span class='ocr_line' id='line_1_56' title="bbox 1361 1181 2356 1272; baseline 0 -20"><span class='ocrx_word' id='word_1_352' title='bbox 1361 1183 1601 1272; x_wconf 84' lang='lat' dir='ltr'>stranguletur</span> <span class='ocrx_word' id='word_1_353' title='bbox 1629 1181 1690 1252; x_wconf 92' lang='lat' dir='ltr'>illa</span> <span class='ocrx_word' id='word_1_354' title='bbox 1711 1183 1851 1254; x_wconf 88' lang='lat' dir='ltr'>assidua</span> <span class='ocrx_word' id='word_1_355' title='bbox 1873 1181 2048 1269; x_wconf 79' lang='lat' dir='ltr'>tortione,</span> <span class='ocrx_word' id='word_1_356' title='bbox 2081 1193 2115 1252; x_wconf 91' lang='lat' dir='ltr'>et</span> <span class='ocrx_word' id='word_1_357' title='bbox 2137 1181 2356 1252; x_wconf 88' lang='lat' dir='ltr'>dissolvatur</span> 
     </span>
     <span class='ocr_line' id='line_1_57' title="bbox 1360 1279 2354 1378; baseline -0.001 -24"><span class='ocrx_word' id='word_1_358' title='bbox 1360 1283 1391 1354; x_wconf 91' lang='lat' dir='ltr'>si</span> <span class='ocrx_word' id='word_1_359' title='bbox 1407 1285 1541 1355; x_wconf 91' lang='lat' dir='ltr'>nullam</span> <span class='ocrx_word' id='word_1_360' title='bbox 1556 1279 1662 1354; x_wconf 91' lang='lat' dir='ltr'>habet</span> <span class='ocrx_word' id='word_1_361' title='bbox 1677 1308 1718 1354; x_wconf 90' lang='lat' dir='ltr'>ex</span> <span class='ocrx_word' id='word_1_362' title='bbox 1734 1283 1914 1378; x_wconf 88' lang='lat' dir='ltr'>pulmonis</span> <span class='ocrx_word' id='word_1_363' title='bbox 1927 1297 1962 1354; x_wconf 90' lang='lat' dir='ltr'>et</span> <span class='ocrx_word' id='word_1_364' title='bbox 1979 1279 2133 1354; x_wconf 89' lang='lat' dir='ltr'>thoracis</span> <span class='ocrx_word' id='word_1_365' title='bbox 2148 1283 2354 1353; x_wconf 79' lang='lat' dir='ltr'>ventilatio·</span> 
     </span>
     <span class='ocr_line' id='line_1_58' title="bbox 1360 1383 2355 1477; baseline -0.002 -22"><span class='ocrx_word' id='word_1_366' title='bbox 1360 1409 1407 1455; x_wconf 90' lang='lat' dir='ltr'>ne</span> <span class='ocrx_word' id='word_1_367' title='bbox 1429 1386 1752 1477; x_wconf 87' lang='lat' dir='ltr'>refrigerationem,</span> <span class='ocrx_word' id='word_1_368' title='bbox 1780 1400 1815 1458; x_wconf 90' lang='lat' dir='ltr'>et</span> <span class='ocrx_word' id='word_1_369' title='bbox 1835 1385 2026 1476; x_wconf 86' lang='lat' dir='ltr'>fuliginum</span> <span class='ocrx_word' id='word_1_370' title='bbox 2049 1409 2090 1456; x_wconf 88' lang='lat' dir='ltr'>ex</span> <span class='ocrx_word' id='word_1_371' title='bbox 2105 1383 2253 1458; x_wconf 89' lang='lat' dir='ltr'>sinistro</span> <span class='ocrx_word' id='word_1_372' title='bbox 2269 1409 2355 1454; x_wconf 87' lang='lat' dir='ltr'>vcn-</span> 
     </span>
     <span class='ocr_line' id='line_1_59' title="bbox 1361 1479 2265 1578; baseline -0.002 -18"><span class='ocrx_word' id='word_1_373' title='bbox 1361 1485 1489 1560; x_wconf 93' lang='lat' dir='ltr'>triculo</span> <span class='ocrx_word' id='word_1_374' title='bbox 1507 1487 1745 1578; x_wconf 85' lang='lat' dir='ltr'>egestionem?</span> <span class='ocrx_word' id='word_1_375' title='bbox 2254 1479 2265 1490; x_wconf 63' lang='grc'><strong>“</strong></span> 
     </span>
    </p>
   </div>
   <div class='ocr_carea' id='block_1_19' title="bbox 1360 1634 2353 2638">
    <p class='ocr_par' dir='ltr' id='par_1_19' title="bbox 1360 1634 2353 2638">
     <span class='ocr_line' id='line_1_60' title="bbox 1461 1634 2353 1729; baseline 0.002 -23"><span class='ocrx_word' id='word_1_376' title='bbox 1461 1634 1541 1710; x_wconf 88' lang='lat' dir='ltr'>Hoc</span> <span class='ocrx_word' id='word_1_377' title='bbox 1569 1649 1662 1707; x_wconf 91' lang='lat' dir='ltr'>certe</span> <span class='ocrx_word' id='word_1_378' title='bbox 1687 1636 1861 1729; x_wconf 91' lang='lat' dir='ltr'>explicatu</span> <span class='ocrx_word' id='word_1_379' title='bbox 1884 1635 2028 1706; x_wconf 85' lang='lat' dir='ltr'>difficile</span> <span class='ocrx_word' id='word_1_380' title='bbox 2054 1647 2124 1716; x_wconf 89' lang='lat' dir='ltr'>est,</span> <span class='ocrx_word' id='word_1_381' title='bbox 2154 1635 2258 1707; x_wconf 85' lang='lat' dir='ltr'>etiam</span> <span class='ocrx_word' id='word_1_382' title='bbox 2283 1637 2353 1728; x_wconf 89' lang='lat' dir='ltr'>ipsi</span> 
     </span>
     <span class='ocr_line' id='line_1_61' title="bbox 1362 1733 2350 1832; baseline 0.001 -23"><span class='ocrx_word' id='word_1_383' title='bbox 1362 1737 1520 1823; x_wconf 88' lang='lat' dir='ltr'>Galeno,</span> <span class='ocrx_word' id='word_1_384' title='bbox 1543 1739 1605 1832; x_wconf 88' lang='lat' dir='ltr'>qui</span> <span class='ocrx_word' id='word_1_385' title='bbox 1620 1739 1685 1808; x_wconf 91' lang='lat' dir='ltr'>etsi</span> <span class='ocrx_word' id='word_1_386' title='bbox 1700 1739 1789 1808; x_wconf 89' lang='lat' dir='ltr'>salse</span> <span class='ocrx_word' id='word_1_387' title='bbox 1801 1739 1939 1810; x_wconf 91' lang='lat' dir='ltr'>deridet</span> <span class='ocrx_word' id='word_1_388' title='bbox 1954 1761 2031 1823; x_wconf 88' lang='lat' dir='ltr'>eos,</span> <span class='ocrx_word' id='word_1_389' title='bbox 2055 1737 2120 1832; x_wconf 88' lang='lat' dir='ltr'>qui</span> <span class='ocrx_word' id='word_1_390' title='bbox 2134 1733 2223 1808; x_wconf 89' lang='lat' dir='ltr'>banc</span> <span class='ocrx_word' id='word_1_391' title='bbox 2236 1739 2350 1832; x_wconf 87' lang='lat' dir='ltr'>ipsius</span> 
     </span>
     <span class='ocr_line' id='line_1_62' title="bbox 1361 1839 2352 1933; baseline -0.002 -23"><span class='ocrx_word' id='word_1_392' title='bbox 1361 1841 1570 1912; x_wconf 88' lang='lat' dir='ltr'>sententiam</span> <span class='ocrx_word' id='word_1_393' title='bbox 1585 1840 1817 1933; x_wconf 89' lang='lat' dir='ltr'>impugnant,</span> <span class='ocrx_word' id='word_1_394' title='bbox 1834 1840 1966 1910; x_wconf 89' lang='lat' dir='ltr'>similes</span> <span class='ocrx_word' id='word_1_395' title='bbox 1980 1859 2040 1910; x_wconf 86' lang='lat' dir='ltr'>eos</span> <span class='ocrx_word' id='word_1_396' title='bbox 2056 1863 2130 1910; x_wconf 87' lang='lat' dir='ltr'>esse</span> <span class='ocrx_word' id='word_1_397' title='bbox 2143 1839 2262 1910; x_wconf 86' lang='lat' dir='ltr'>dicens</span> <span class='ocrx_word' id='word_1_398' title='bbox 2277 1840 2352 1910; x_wconf 87' lang='lat' dir='ltr'>cni-</span> 
     </span>
     <span class='ocr_line' id='line_1_63' title="bbox 1361 1939 2353 2036; baseline -0.002 -24"><span class='ocrx_word' id='word_1_399' title='bbox 1361 1945 1442 2028; x_wconf 88' lang='lat' dir='ltr'>dam</span> <span class='ocrx_word' id='word_1_400' title='bbox 1467 1939 1645 2032; x_wconf 87' lang='lat' dir='ltr'>Agasoui,</span> <span class='ocrx_word' id='word_1_401' title='bbox 1683 1942 1766 2036; x_wconf 91' lang='lat' dir='ltr'>qui,</span> <span class='ocrx_word' id='word_1_402' title='bbox 1799 1965 1880 2014; x_wconf 90' lang='lat' dir='ltr'>cum</span> <span class='ocrx_word' id='word_1_403' title='bbox 1905 1941 2014 2012; x_wconf 90' lang='lat' dir='ltr'>asinis</span> <span class='ocrx_word' id='word_1_404' title='bbox 2035 1941 2115 2012; x_wconf 86' lang='lat' dir='ltr'>suis</span> <span class='ocrx_word' id='word_1_405' title='bbox 2144 1941 2353 2028; x_wconf 88' lang='lat' dir='ltr'>numeratis,</span> 
     </span>
     <span class='ocr_line' id='line_1_64' title="bbox 1360 2043 2353 2129; baseline 0 -15"><span class='ocrx_word' id='word_1_406' title='bbox 1360 2045 1523 2115; x_wconf 88' lang='lat' dir='ltr'>sensisset</span> <span class='ocrx_word' id='word_1_407' title='bbox 1543 2067 1656 2113; x_wconf 90' lang='lat' dir='ltr'>unum</span> <span class='ocrx_word' id='word_1_408' title='bbox 1678 2067 1827 2113; x_wconf 91' lang='lat' dir='ltr'>numero</span> <span class='ocrx_word' id='word_1_409' title='bbox 1852 2044 1992 2129; x_wconf 89' lang='lat' dir='ltr'>abesse,</span> <span class='ocrx_word' id='word_1_410' title='bbox 2028 2043 2159 2124; x_wconf 89' lang='lat' dir='ltr'>iratus,</span> <span class='ocrx_word' id='word_1_411' title='bbox 2191 2067 2353 2114; x_wconf 87' lang='lat' dir='ltr'>accusare</span> 
     </span>
     <span class='ocr_line' id='line_1_65' title="bbox 1361 2135 2352 2237; baseline 0 -24"><span class='ocrx_word' id='word_1_412' title='bbox 1361 2145 1498 2216; x_wconf 86' lang='lat' dir='ltr'>vicinos</span> <span class='ocrx_word' id='word_1_413' title='bbox 1520 2144 1607 2216; x_wconf 86' lang='lat' dir='ltr'>furti</span> <span class='ocrx_word' id='word_1_414' title='bbox 1630 2145 1739 2237; x_wconf 90' lang='lat' dir='ltr'>cepit,</span> <span class='ocrx_word' id='word_1_415' title='bbox 1774 2145 1907 2216; x_wconf 86' lang='lat' dir='ltr'>oblitus</span> <span class='ocrx_word' id='word_1_416' title='bbox 1926 2167 1963 2216; x_wconf 91' lang='lat' dir='ltr'>se</span> <span class='ocrx_word' id='word_1_417' title='bbox 1991 2145 2047 2214; x_wconf 94' lang='lat' dir='ltr'>illi</span> <span class='ocrx_word' id='word_1_418' title='bbox 2068 2135 2169 2216; x_wconf 87' lang='lat' dir='ltr'>asino</span> <span class='ocrx_word' id='word_1_419' title='bbox 2189 2145 2352 2231; x_wconf 87' lang='lat' dir='ltr'>insidere,</span> 
     </span>
     <span class='ocr_line' id='line_1_66' title="bbox 1361 2245 2352 2340; baseline 0 -24"><span class='ocrx_word' id='word_1_420' title='bbox 1361 2271 1466 2340; x_wconf 89' lang='lat' dir='ltr'>quem</span> <span class='ocrx_word' id='word_1_421' title='bbox 1486 2245 1654 2317; x_wconf 88' lang='lat' dir='ltr'>amissum</span> <span class='ocrx_word' id='word_1_422' title='bbox 1677 2247 1861 2318; x_wconf 87' lang='lat' dir='ltr'>credebat:</span> <span class='ocrx_word' id='word_1_423' title='bbox 1894 2245 2033 2317; x_wconf 86' lang='lat' dir='ltr'>Tamen</span> <span class='ocrx_word' id='word_1_424' title='bbox 2055 2246 2234 2318; x_wconf 89' lang='lat' dir='ltr'>eiusmodi</span> <span class='ocrx_word' id='word_1_425' title='bbox 2251 2270 2352 2317; x_wconf 88' lang='lat' dir='ltr'>mon·</span> 
     </span>
     <span class='ocr_line' id='line_1_67' title="bbox 1362 2347 2351 2441; baseline 0 -23"><span class='ocrx_word' id='word_1_426' title='bbox 1362 2361 1450 2420; x_wconf 87' lang='lat' dir='ltr'>strat</span> <span class='ocrx_word' id='word_1_427' title='bbox 1470 2360 1622 2432; x_wconf 88' lang='lat' dir='ltr'>meatus,</span> <span class='ocrx_word' id='word_1_428' title='bbox 1653 2371 1717 2439; x_wconf 92' lang='lat' dir='ltr'>per</span> <span class='ocrx_word' id='word_1_429' title='bbox 1735 2372 1825 2441; x_wconf 90' lang='lat' dir='ltr'>quos</span> <span class='ocrx_word' id='word_1_430' title='bbox 1841 2348 1940 2418; x_wconf 90' lang='lat' dir='ltr'>illam</span> <span class='ocrx_word' id='word_1_431' title='bbox 1963 2347 2223 2439; x_wconf 89' lang='lat' dir='ltr'>mitigationem</span> <span class='ocrx_word' id='word_1_432' title='bbox 2240 2363 2351 2420; x_wconf 89' lang='lat' dir='ltr'>aestus</span> 
     </span>
     <span class='ocr_line' id='line_1_68' title="bbox 1361 2448 2351 2546; baseline 0.001 -27"><span class='ocrx_word' id='word_1_433' title='bbox 1361 2450 1401 2520; x_wconf 92' lang='lat' dir='ltr'>iu</span> <span class='ocrx_word' id='word_1_434' title='bbox 1415 2451 1521 2520; x_wconf 91' lang='lat' dir='ltr'>corde</span> <span class='ocrx_word' id='word_1_435' title='bbox 1535 2448 1653 2540; x_wconf 89' lang='lat' dir='ltr'>perlici</span> <span class='ocrx_word' id='word_1_436' title='bbox 1666 2449 1769 2530; x_wconf 88' lang='lat' dir='ltr'>dicit,</span> <span class='ocrx_word' id='word_1_437' title='bbox 1795 2449 1988 2522; x_wconf 86' lang='lat' dir='ltr'>utdifficile</span> <span class='ocrx_word' id='word_1_438' title='bbox 1998 2451 2061 2532; x_wconf 86' lang='lat' dir='ltr'>sit,</span> <span class='ocrx_word' id='word_1_439' title='bbox 2083 2450 2247 2544; x_wconf 87' lang='lat' dir='ltr'>assequi,</span> <span class='ocrx_word' id='word_1_440' title='bbox 2268 2449 2351 2546; x_wconf 87' lang='lat' dir='ltr'>quid</span> 
     </span>
     <span class='ocr_line' id='line_1_69' title="bbox 1362 2547 2243 2638; baseline 0.009 -18"><span class='ocrx_word' id='word_1_441' title='bbox 1362 2551 1465 2638; x_wconf 85' lang='lat' dir='ltr'>velit,</span> <span class='ocrx_word' id='word_1_442' title='bbox 1491 2565 1526 2624; x_wconf 91' lang='lat' dir='ltr'>et</span> <span class='ocrx_word' id='word_1_443' title='bbox 1541 2552 1598 2620; x_wconf 79' lang='lat' dir='ltr'>six</span> <span class='ocrx_word' id='word_1_444' title='bbox 1613 2551 1659 2624; x_wconf 89' lang='lat' dir='ltr'>sit</span> <span class='ocrx_word' id='word_1_445' title='bbox 1674 2552 1863 2634; x_wconf 89' lang='lat' dir='ltr'>credibile,</span> <span class='ocrx_word' id='word_1_446' title='bbox 1886 2576 1962 2624; x_wconf 90' lang='lat' dir='ltr'>rem</span> <span class='ocrx_word' id='word_1_447' title='bbox 1979 2553 2028 2624; x_wconf 92' lang='lat' dir='ltr'>ita</span> <span class='ocrx_word' id='word_1_448' title='bbox 2044 2547 2243 2628; x_wconf 78' lang='lat' dir='ltr'>rehabere.</span> 
     </span>
    </p>
   </div>
   <div class='ocr_carea' id='block_1_20' title="bbox 1360 2695 2350 3406">
    <p class='ocr_par' dir='ltr' id='par_1_20' title="bbox 1360 2695 2350 3406">
     <span class='ocr_line' id='line_1_70' title="bbox 1464 2695 2349 2793; baseline -0.005 -20"><span class='ocrx_word' id='word_1_449' title='bbox 1464 2697 1533 2773; x_wconf 89' lang='lat' dir='ltr'>Sed</span> <span class='ocrx_word' id='word_1_450' title='bbox 1557 2695 1642 2771; x_wconf 92' lang='lat' dir='ltr'>huic</span> <span class='ocrx_word' id='word_1_451' title='bbox 1655 2702 1849 2774; x_wconf 91' lang='lat' dir='ltr'>sententiae</span> <span class='ocrx_word' id='word_1_452' title='bbox 1864 2701 1994 2777; x_wconf 90' lang='lat' dir='ltr'>Galeni</span> <span class='ocrx_word' id='word_1_453' title='bbox 2015 2703 2259 2793; x_wconf 83' lang='lat' dir='ltr'>suffragantur</span> <span class='ocrx_word' id='word_1_454' title='bbox 2273 2701 2349 2772; x_wconf 90' lang='lat' dir='ltr'>dili-</span> 
     </span>
     <span class='ocr_line' id='line_1_71' title="bbox 1361 2799 2350 2898; baseline -0.001 -27"><span class='ocrx_word' id='word_1_455' title='bbox 1361 2799 1773 2891; x_wconf 66' lang='lat' dir='ltr'>gentioreshnatomici,</span> <span class='ocrx_word' id='word_1_456' title='bbox 1799 2805 1861 2898; x_wconf 92' lang='lat' dir='ltr'>qui</span> <span class='ocrx_word' id='word_1_457' title='bbox 1879 2819 1973 2876; x_wconf 88' lang='lat' dir='ltr'>certo</span> <span class='ocrx_word' id='word_1_458' title='bbox 1988 2806 2187 2890; x_wconf 86' lang='lat' dir='ltr'>affirmant,</span> <span class='ocrx_word' id='word_1_459' title='bbox 2215 2803 2350 2874; x_wconf 91' lang='lat' dir='ltr'>nullum</span> 
     </span>
     <span class='ocr_line' id='line_1_72' title="bbox 1363 2905 2349 2999; baseline -0.002 -25"><span class='ocrx_word' id='word_1_460' title='bbox 1363 2905 1605 2996; x_wconf 87' lang='lat' dir='ltr'>respirationis</span> <span class='ocrx_word' id='word_1_461' title='bbox 1625 2919 1761 2975; x_wconf 91' lang='lat' dir='ltr'>motum</span> <span class='ocrx_word' id='word_1_462' title='bbox 1789 2906 1947 2978; x_wconf 29' lang='lat' dir='ltr'>inrfoetu</span> <span class='ocrx_word' id='word_1_463' title='bbox 1971 2930 2160 2999; x_wconf 84' lang='lat' dir='ltr'>apparere,</span> <span class='ocrx_word' id='word_1_464' title='bbox 2194 2905 2349 2999; x_wconf 85' lang='lat' dir='ltr'>quandiu</span> 
     </span>
     <span class='ocr_line' id='line_1_73' title="bbox 1362 2999 2350 3099; baseline -0.002 -25"><span class='ocrx_word' id='word_1_465' title='bbox 1362 3007 1561 3097; x_wconf 90' lang='lat' dir='ltr'>panniculis</span> <span class='ocrx_word' id='word_1_466' title='bbox 1576 3005 1650 3076; x_wconf 90' lang='lat' dir='ltr'>suis</span> <span class='ocrx_word' id='word_1_467' title='bbox 1666 2999 1824 3078; x_wconf 89' lang='lat' dir='ltr'>inclusus</span> <span class='ocrx_word' id='word_1_468' title='bbox 1838 3021 1997 3093; x_wconf 88' lang='lat' dir='ltr'>tenetur,</span> <span class='ocrx_word' id='word_1_469' title='bbox 2023 3031 2102 3078; x_wconf 90' lang='lat' dir='ltr'>cnm</span> <span class='ocrx_word' id='word_1_470' title='bbox 2116 3021 2236 3078; x_wconf 90' lang='lat' dir='ltr'>tamen</span> <span class='ocrx_word' id='word_1_471' title='bbox 2253 3006 2350 3099; x_wconf 91' lang='lat' dir='ltr'>pelli-</span> 
     </span>
     <span class='ocr_line' id='line_1_74' title="bbox 1360 3107 2349 3201; baseline 0 -25"><span class='ocrx_word' id='word_1_472' title='bbox 1360 3109 1519 3178; x_wconf 88' lang='lat' dir='ltr'>cularum</span> <span class='ocrx_word' id='word_1_473' title='bbox 1544 3121 1639 3178; x_wconf 92' lang='lat' dir='ltr'>tanta</span> <span class='ocrx_word' id='word_1_474' title='bbox 1662 3107 1708 3178; x_wconf 89' lang='lat' dir='ltr'>sit</span> <span class='ocrx_word' id='word_1_475' title='bbox 1732 3110 1884 3180; x_wconf 89' lang='lat' dir='ltr'>tenuitas</span> <span class='ocrx_word' id='word_1_476' title='bbox 1905 3124 1939 3180; x_wconf 93' lang='lat' dir='ltr'>et</span> <span class='ocrx_word' id='word_1_477' title='bbox 1964 3109 2215 3201; x_wconf 86' lang='lat' dir='ltr'>perspicuitas,</span> <span class='ocrx_word' id='word_1_478' title='bbox 2240 3108 2349 3178; x_wconf 84' lang='lat' dir='ltr'>utille</span> 
     </span>
     <span class='ocr_line' id='line_1_75' title="bbox 1360 3205 2349 3306; baseline -0.002 -28"><span class='ocrx_word' id='word_1_479' title='bbox 1360 3224 1478 3280; x_wconf 89' lang='lat' dir='ltr'>motus</span> <span class='ocrx_word' id='word_1_480' title='bbox 1498 3205 1668 3296; x_wconf 87' lang='lat' dir='ltr'>thoracis,</span> <span class='ocrx_word' id='word_1_481' title='bbox 1700 3209 1731 3280; x_wconf 91' lang='lat' dir='ltr'>si</span> <span class='ocrx_word' id='word_1_482' title='bbox 1756 3211 1836 3306; x_wconf 80' lang='lat' dir='ltr'>qtsis</span> <span class='ocrx_word' id='word_1_483' title='bbox 1857 3225 1964 3298; x_wconf 90' lang='lat' dir='ltr'>esset,</span> <span class='ocrx_word' id='word_1_484' title='bbox 1996 3211 2106 3283; x_wconf 84' lang='lat' dir='ltr'>latere</span> <span class='ocrx_word' id='word_1_485' title='bbox 2124 3210 2349 3304; x_wconf 87' lang='lat' dir='ltr'>aspicientem</span> 
     </span>
     <span class='ocr_line' id='line_1_76' title="bbox 1360 3326 1570 3406; baseline 0.038 -26"><span class='ocrx_word' id='word_1_486' title='bbox 1360 3335 1436 3382; x_wconf 93' lang='lat' dir='ltr'>non</span> <span class='ocrx_word' id='word_1_487' title='bbox 1453 3326 1570 3406; x_wconf 83' lang='lat' dir='ltr'>queat.</span> 
     </span>
    </p>
   </div>
   <div class='ocr_carea' id='block_1_21' title="bbox 1360 3457 2353 4368">
    <p class='ocr_par' dir='ltr' id='par_1_21' title="bbox 1360 3457 2353 4368">
     <span class='ocr_line' id='line_1_77' title="bbox 1433 3457 2347 3554; baseline -0.003 -23"><span class='ocrx_word' id='word_1_488' title='bbox 1433 3485 1443 3554; x_wconf 60' lang='lat' dir='ltr'><strong>j</strong></span> <span class='ocrx_word' id='word_1_489' title='bbox 1463 3459 1533 3532; x_wconf 86' lang='lat' dir='ltr'>Sed</span> <span class='ocrx_word' id='word_1_490' title='bbox 1557 3459 1621 3530; x_wconf 91' lang='lat' dir='ltr'>ubi</span> <span class='ocrx_word' id='word_1_491' title='bbox 1637 3457 1793 3551; x_wconf 87' lang='lat' dir='ltr'>primurn</span> <span class='ocrx_word' id='word_1_492' title='bbox 1813 3457 1983 3546; x_wconf 87' lang='lat' dir='ltr'>lacerata,</span> <span class='ocrx_word' id='word_1_493' title='bbox 2005 3471 2067 3530; x_wconf 89' lang='lat' dir='ltr'>aut</span> <span class='ocrx_word' id='word_1_494' title='bbox 2086 3483 2225 3554; x_wconf 86' lang='lat' dir='ltr'>quoquo</span> <span class='ocrx_word' id='word_1_495' title='bbox 2238 3457 2347 3528; x_wconf 87' lang='lat' dir='ltr'>modo</span> 
     </span>
     <span class='ocr_line' id='line_1_78' title="bbox 1360 3555 2345 3654; baseline -0.005 -20"><span class='ocrx_word' id='word_1_496' title='bbox 1360 3563 1531 3654; x_wconf 88' lang='lat' dir='ltr'>patefacta</span> <span class='ocrx_word' id='word_1_497' title='bbox 1546 3561 1679 3632; x_wconf 88' lang='lat' dir='ltr'>fuerint</span> <span class='ocrx_word' id='word_1_498' title='bbox 1692 3561 1894 3645; x_wconf 86' lang='lat' dir='ltr'>involucra,</span> <span class='ocrx_word' id='word_1_499' title='bbox 1923 3561 1971 3632; x_wconf 88' lang='lat' dir='ltr'>ita</span> <span class='ocrx_word' id='word_1_500' title='bbox 1989 3578 2029 3634; x_wconf 91' lang='lat' dir='ltr'>ut</span> <span class='ocrx_word' id='word_1_501' title='bbox 2045 3555 2139 3631; x_wconf 92' lang='lat' dir='ltr'>hunc</span> <span class='ocrx_word' id='word_1_502' title='bbox 2151 3575 2345 3632; x_wconf 85' lang='lat' dir='ltr'>extremum</span> 
     </span>
     <span class='ocr_line' id='line_1_79' title="bbox 1360 3662 2353 3734; baseline 0 0"><span class='ocrx_word' id='word_1_503' title='bbox 1360 3663 1619 3734; x_wconf 72' lang='lat' dir='ltr'>airem&#39;sentiat</span> <span class='ocrx_word' id='word_1_504' title='bbox 1634 3667 1765 3734; x_wconf 90' lang='lat' dir='ltr'>foetus:</span> <span class='ocrx_word' id='word_1_505' title='bbox 1792 3677 1877 3734; x_wconf 90' lang='lat' dir='ltr'>tunc</span> <span class='ocrx_word' id='word_1_506' title='bbox 1889 3662 1979 3732; x_wconf 86' lang='lat' dir='ltr'>miro</span> <span class='ocrx_word' id='word_1_507' title='bbox 1995 3676 2030 3734; x_wconf 87' lang='lat' dir='ltr'>et</span> <span class='ocrx_word' id='word_1_508' title='bbox 2041 3663 2229 3734; x_wconf 86' lang='lat' dir='ltr'>manifesto</span> <span class='ocrx_word' id='word_1_509' title='bbox 2244 3685 2353 3734; x_wconf 83' lang='lat' dir='ltr'>cons-.</span> 
     </span>
     <span class='ocr_line' id='line_1_80' title="bbox 1360 3759 2349 3854; baseline -0.005 -17"><span class='ocrx_word' id='word_1_510' title='bbox 1360 3781 1399 3837; x_wconf 90' lang='lat' dir='ltr'>tu</span> <span class='ocrx_word' id='word_1_511' title='bbox 1413 3765 1535 3836; x_wconf 89' lang='lat' dir='ltr'>dicunt</span> <span class='ocrx_word' id='word_1_512' title='bbox 1551 3765 1722 3838; x_wconf 91' lang='lat' dir='ltr'>infantem</span> <span class='ocrx_word' id='word_1_513' title='bbox 1739 3763 1953 3834; x_wconf 89' lang='lat' dir='ltr'>contendere</span> <span class='ocrx_word' id='word_1_514' title='bbox 1973 3767 2017 3834; x_wconf 91' lang='lat' dir='ltr'>ad</span> <span class='ocrx_word' id='word_1_515' title='bbox 2035 3777 2171 3834; x_wconf 90' lang='lat' dir='ltr'>motum</span> <span class='ocrx_word' id='word_1_516' title='bbox 2187 3759 2349 3854; x_wconf 81' lang='lat' dir='ltr'>thoracis,</span> 
     </span>
     <span class='ocr_line' id='line_1_81' title="bbox 1361 3861 2349 3961; baseline -0.003 -25"><span class='ocrx_word' id='word_1_517' title='bbox 1361 3881 1395 3938; x_wconf 86' lang='lat' dir='ltr'>et</span> <span class='ocrx_word' id='word_1_518' title='bbox 1410 3867 1535 3958; x_wconf 89' lang='lat' dir='ltr'>cupide</span> <span class='ocrx_word' id='word_1_519' title='bbox 1551 3861 1724 3938; x_wconf 83' lang='lat' dir='ltr'>attrahere</span> <span class='ocrx_word' id='word_1_520' title='bbox 1745 3871 1880 3950; x_wconf 80' lang='lat' dir='ltr'>aie&#39;rem,</span> <span class='ocrx_word' id='word_1_521' title='bbox 1906 3879 2074 3961; x_wconf 89' lang='lat' dir='ltr'>tanquam</span> <span class='ocrx_word' id='word_1_522' title='bbox 2089 3881 2231 3956; x_wconf 90' lang='lat' dir='ltr'>gratum</span> <span class='ocrx_word' id='word_1_523' title='bbox 2250 3865 2349 3938; x_wconf 88' lang='lat' dir='ltr'>refri-</span> 
     </span>
     <span class='ocr_line' id='line_1_82' title="bbox 1360 3967 2348 4058; baseline 0.002 -20"><span class='ocrx_word' id='word_1_524' title='bbox 1360 3968 1517 4058; x_wconf 88' lang='lat' dir='ltr'>gerium,</span> <span class='ocrx_word' id='word_1_525' title='bbox 1540 3983 1574 4040; x_wconf 89' lang='lat' dir='ltr'>et</span> <span class='ocrx_word' id='word_1_526' title='bbox 1590 3994 1668 4040; x_wconf 83' lang='lat' dir='ltr'>uror</span> <span class='ocrx_word' id='word_1_527' title='bbox 1687 3967 1816 4038; x_wconf 86' lang='lat' dir='ltr'>deinde</span> <span class='ocrx_word' id='word_1_528' title='bbox 1835 3967 1992 4058; x_wconf 84' lang='lat' dir='ltr'>vagitum</span> <span class='ocrx_word' id='word_1_529' title='bbox 2007 3969 2130 4053; x_wconf 89' lang='lat' dir='ltr'>edere,</span> <span class='ocrx_word' id='word_1_530' title='bbox 2155 3994 2238 4038; x_wconf 89' lang='lat' dir='ltr'>cnm</span> <span class='ocrx_word' id='word_1_531' title='bbox 2251 3982 2348 4040; x_wconf 73' lang='lat' dir='ltr'>antea</span> 
     </span>
     <span class='ocr_line' id='line_1_83' title="bbox 1360 4069 2348 4154; baseline -0.002 -14"><span class='ocrx_word' id='word_1_532' title='bbox 1360 4072 1398 4140; x_wconf 89' lang='lat' dir='ltr'>in</span> <span class='ocrx_word' id='word_1_533' title='bbox 1414 4084 1515 4141; x_wconf 89' lang='lat' dir='ltr'>utero</span> <span class='ocrx_word' id='word_1_534' title='bbox 1533 4069 1681 4142; x_wconf 88' lang='lat' dir='ltr'>iacuerit</span> <span class='ocrx_word' id='word_1_535' title='bbox 1695 4072 1772 4139; x_wconf 89' lang='lat' dir='ltr'>sine</span> <span class='ocrx_word' id='word_1_536' title='bbox 1787 4093 1888 4154; x_wconf 88' lang='lat' dir='ltr'>voce,</span> <span class='ocrx_word' id='word_1_537' title='bbox 1912 4069 1958 4140; x_wconf 87' lang='lat' dir='ltr'>ad</span> <span class='ocrx_word' id='word_1_538' title='bbox 1981 4069 2081 4140; x_wconf 85' lang='lat' dir='ltr'>euius</span> <span class='ocrx_word' id='word_1_539' title='bbox 2101 4071 2348 4141; x_wconf 87' lang='lat' dir='ltr'>formationem</span> 
     </span>
     <span class='ocr_line' id='line_1_84' title="bbox 1360 4167 2346 4264; baseline 0 -24"><span class='ocrx_word' id='word_1_540' title='bbox 1360 4173 1605 4244; x_wconf 89' lang='lat' dir='ltr'>adiumentum</span> <span class='ocrx_word' id='word_1_541' title='bbox 1633 4169 1856 4264; x_wconf 90' lang='lat' dir='ltr'>spirationis,</span> <span class='ocrx_word' id='word_1_542' title='bbox 1890 4184 1925 4241; x_wconf 90' lang='lat' dir='ltr'>et</span> <span class='ocrx_word' id='word_1_543' title='bbox 1950 4173 2166 4262; x_wconf 85' lang='lat' dir='ltr'>compressio</span> <span class='ocrx_word' id='word_1_544' title='bbox 2198 4167 2346 4244; x_wconf 88' lang='lat' dir='ltr'>thoracis</span> 
     </span>
     <span class='ocr_line' id='line_1_85' title="bbox 1360 4273 1567 4368; baseline 0.014 -24"><span class='ocrx_word' id='word_1_545' title='bbox 1360 4273 1567 4368; x_wconf 85' lang='lat' dir='ltr'>requiritur.</span> 
     </span>
    </p>
   </div>
   <div class='ocr_carea' id='block_1_22' title="bbox 1358 4415 2350 5028">
    <p class='ocr_par' dir='ltr' id='par_1_22' title="bbox 1358 4415 2350 5028">
     <span class='ocr_line' id='line_1_86' title="bbox 1458 4415 2348 4516; baseline -0.002 -20"><span class='ocrx_word' id='word_1_546' title='bbox 1458 4421 1549 4496; x_wconf 92' lang='lat' dir='ltr'>Cum</span> <span class='ocrx_word' id='word_1_547' title='bbox 1560 4425 1668 4515; x_wconf 91' lang='lat' dir='ltr'>igitur</span> <span class='ocrx_word' id='word_1_548' title='bbox 1681 4421 1837 4494; x_wconf 87' lang='lat' dir='ltr'>difficilis</span> <span class='ocrx_word' id='word_1_549' title='bbox 1847 4419 1891 4494; x_wconf 92' lang='lat' dir='ltr'>sit</span> <span class='ocrx_word' id='word_1_550' title='bbox 1901 4415 1987 4493; x_wconf 92' lang='lat' dir='ltr'>haec</span> <span class='ocrx_word' id='word_1_551' title='bbox 1997 4419 2174 4516; x_wconf 86' lang='lat' dir='ltr'>quaestio,</span> <span class='ocrx_word' id='word_1_552' title='bbox 2199 4437 2234 4497; x_wconf 92' lang='lat' dir='ltr'>et</span> <span class='ocrx_word' id='word_1_553' title='bbox 2247 4426 2348 4516; x_wconf 89' lang='lat' dir='ltr'>digna</span> 
     </span>
     <span class='ocr_line' id='line_1_87' title="bbox 1359 4521 2350 4620; baseline 0.001 -25"><span class='ocrx_word' id='word_1_554' title='bbox 1359 4525 1609 4620; x_wconf 84' lang='lat' dir='ltr'>explicatione,</span> <span class='ocrx_word' id='word_1_555' title='bbox 1633 4551 1697 4595; x_wconf 91' lang='lat' dir='ltr'>oro</span> <span class='ocrx_word' id='word_1_556' title='bbox 1713 4541 1746 4596; x_wconf 92' lang='lat' dir='ltr'>te</span> <span class='ocrx_word' id='word_1_557' title='bbox 1761 4525 1954 4594; x_wconf 88' lang='lat' dir='ltr'>clarissime</span> <span class='ocrx_word' id='word_1_558' title='bbox 1968 4521 2122 4594; x_wconf 88' lang='lat' dir='ltr'>Domine</span> <span class='ocrx_word' id='word_1_559' title='bbox 2136 4523 2288 4614; x_wconf 86' lang='lat' dir='ltr'>Ductor,</span> <span class='ocrx_word' id='word_1_560' title='bbox 2311 4539 2350 4597; x_wconf 93' lang='lat' dir='ltr'>ut</span> 
     </span>
     <span class='ocr_line' id='line_1_88' title="bbox 1359 4628 2349 4712; baseline 0.001 -17"><span class='ocrx_word' id='word_1_561' title='bbox 1359 4629 1464 4698; x_wconf 89' lang='lat' dir='ltr'>nobis</span> <span class='ocrx_word' id='word_1_562' title='bbox 1484 4629 1683 4698; x_wconf 87' lang='lat' dir='ltr'>illustribus</span> <span class='ocrx_word' id='word_1_563' title='bbox 1707 4628 1907 4698; x_wconf 90' lang='lat' dir='ltr'>rationibus</span> <span class='ocrx_word' id='word_1_564' title='bbox 1930 4629 2112 4712; x_wconf 91' lang='lat' dir='ltr'>ostendas,</span> <span class='ocrx_word' id='word_1_565' title='bbox 2132 4643 2255 4698; x_wconf 87' lang='lat' dir='ltr'>utrum</span> <span class='ocrx_word' id='word_1_566' title='bbox 2271 4653 2349 4699; x_wconf 86' lang='lat' dir='ltr'>seu-</span> 
     </span>
     <span class='ocr_line' id='line_1_89' title="bbox 1358 4728 2348 4824; baseline 0 -26"><span class='ocrx_word' id='word_1_567' title='bbox 1358 4731 1468 4800; x_wconf 93' lang='lat' dir='ltr'>tentia</span> <span class='ocrx_word' id='word_1_568' title='bbox 1482 4728 1613 4802; x_wconf 91' lang='lat' dir='ltr'>Galeni</span> <span class='ocrx_word' id='word_1_569' title='bbox 1629 4754 1709 4799; x_wconf 88' lang='lat' dir='ltr'>vera</span> <span class='ocrx_word' id='word_1_570' title='bbox 1728 4729 1793 4814; x_wconf 90' lang='lat' dir='ltr'>sit,</span> <span class='ocrx_word' id='word_1_571' title='bbox 1819 4743 1854 4799; x_wconf 92' lang='lat' dir='ltr'>et</span> <span class='ocrx_word' id='word_1_572' title='bbox 1868 4729 2046 4824; x_wconf 89' lang='lat' dir='ltr'>quomodo</span> <span class='ocrx_word' id='word_1_573' title='bbox 2063 4729 2183 4800; x_wconf 85' lang='lat' dir='ltr'>infans</span> <span class='ocrx_word' id='word_1_574' title='bbox 2199 4731 2237 4799; x_wconf 92' lang='lat' dir='ltr'>in</span> <span class='ocrx_word' id='word_1_575' title='bbox 2251 4743 2348 4800; x_wconf 87' lang='lat' dir='ltr'>utero</span> 
     </span>
     <span class='ocr_line' id='line_1_90' title="bbox 1358 4830 2349 4925; baseline 0.001 -27"><span class='ocrx_word' id='word_1_576' title='bbox 1358 4831 1478 4901; x_wconf 89' lang='lat' dir='ltr'>vivere</span> <span class='ocrx_word' id='word_1_577' title='bbox 1497 4833 1607 4923; x_wconf 88' lang='lat' dir='ltr'>possit</span> <span class='ocrx_word' id='word_1_578' title='bbox 1629 4832 1705 4901; x_wconf 92' lang='lat' dir='ltr'>sine</span> <span class='ocrx_word' id='word_1_579' title='bbox 1719 4831 1968 4921; x_wconf 90' lang='lat' dir='ltr'>respiratione,</span> <span class='ocrx_word' id='word_1_580' title='bbox 1992 4855 2061 4925; x_wconf 87' lang='lat' dir='ltr'>qua</span> <span class='ocrx_word' id='word_1_581' title='bbox 2081 4830 2171 4901; x_wconf 90' lang='lat' dir='ltr'>alias</span> <span class='ocrx_word' id='word_1_582' title='bbox 2185 4831 2349 4924; x_wconf 89' lang='lat' dir='ltr'>impedita</span> 
     </span>
     <span class='ocr_line' id='line_1_91' title="bbox 1358 4927 2289 5028; baseline 0.001 -26"><span class='ocrx_word' id='word_1_583' title='bbox 1358 4933 1485 5026; x_wconf 82' lang='lat' dir='ltr'>exiguo</span> <span class='ocrx_word' id='word_1_584' title='bbox 1499 4948 1676 5028; x_wconf 88' lang='lat' dir='ltr'>tempore,</span> <span class='ocrx_word' id='word_1_585' title='bbox 1702 4927 1883 5003; x_wconf 89' lang='lat' dir='ltr'>hominem</span> <span class='ocrx_word' id='word_1_586' title='bbox 1900 4932 2057 5023; x_wconf 81' lang='lat' dir='ltr'>extingui</span> <span class='ocrx_word' id='word_1_587' title='bbox 2073 4957 2216 5004; x_wconf 87' lang='lat' dir='ltr'>necesse</span> <span class='ocrx_word' id='word_1_588' title='bbox 2228 4948 2289 5003; x_wconf 77' lang='lat' dir='ltr'>est,</span> 
     </span>
    </p>
   </div>
   <div class='ocr_carea' id='block_1_23' title="bbox 1354 5097 2350 5501">
    <p class='ocr_par' dir='ltr' id='par_1_23' title="bbox 1354 5097 2350 5501">
     <span class='ocr_line' id='line_1_92' title="bbox 1460 5097 2349 5191; baseline 0 -20"><span class='ocrx_word' id='word_1_589' title='bbox 1460 5099 1567 5191; x_wconf 85' lang='lat' dir='ltr'>Quod</span> <span class='ocrx_word' id='word_1_590' title='bbox 1583 5102 1613 5171; x_wconf 91' lang='lat' dir='ltr'>si</span> <span class='ocrx_word' id='word_1_591' title='bbox 1632 5115 1726 5172; x_wconf 88' lang='lat' dir='ltr'>recte</span> <span class='ocrx_word' id='word_1_592' title='bbox 1745 5101 1836 5173; x_wconf 90' lang='lat' dir='ltr'>dixit</span> <span class='ocrx_word' id='word_1_593' title='bbox 1851 5099 2030 5181; x_wconf 87' lang='lat' dir='ltr'>Galenus,</span> <span class='ocrx_word' id='word_1_594' title='bbox 2058 5097 2154 5172; x_wconf 91' lang='lat' dir='ltr'>haud</span> <span class='ocrx_word' id='word_1_595' title='bbox 2173 5105 2279 5174; x_wconf 91' lang='lat' dir='ltr'>dubie</span> <span class='ocrx_word' id='word_1_596' title='bbox 2294 5105 2349 5172; x_wconf 91' lang='lat' dir='ltr'>in-</span> 
     </span>
     <span class='ocr_line' id='line_1_93' title="bbox 1357 5201 2349 5293; baseline 0.002 -21"><span class='ocrx_word' id='word_1_597' title='bbox 1357 5226 1442 5293; x_wconf 89' lang='lat' dir='ltr'>gens</span> <span class='ocrx_word' id='word_1_598' title='bbox 1453 5205 1666 5274; x_wconf 90' lang='lat' dir='ltr'>miraculum</span> <span class='ocrx_word' id='word_1_599' title='bbox 1677 5217 1748 5290; x_wconf 88' lang='lat' dir='ltr'>est,</span> <span class='ocrx_word' id='word_1_600' title='bbox 1773 5203 1835 5272; x_wconf 89' lang='lat' dir='ltr'>illa</span> <span class='ocrx_word' id='word_1_601' title='bbox 1850 5201 1997 5274; x_wconf 90' lang='lat' dir='ltr'>infantis</span> <span class='ocrx_word' id='word_1_602' title='bbox 2009 5207 2047 5274; x_wconf 91' lang='lat' dir='ltr'>iu</span> <span class='ocrx_word' id='word_1_603' title='bbox 2065 5217 2168 5276; x_wconf 91' lang='lat' dir='ltr'>utero</span> <span class='ocrx_word' id='word_1_604' title='bbox 2183 5206 2273 5292; x_wconf 80' lang='lat' dir='ltr'>rita,</span> <span class='ocrx_word' id='word_1_605' title='bbox 2293 5229 2349 5274; x_wconf 84' lang='lat' dir='ltr'>re-</span> 
     </span>
     <span class='ocr_line' id='line_1_94' title="bbox 1355 5299 2350 5396; baseline 0.002 -24"><span class='ocrx_word' id='word_1_606' title='bbox 1355 5307 1551 5396; x_wconf 88' lang='lat' dir='ltr'>spiratione</span> <span class='ocrx_word' id='word_1_607' title='bbox 1571 5329 1704 5375; x_wconf 88' lang='lat' dir='ltr'>carens.</span> <span class='ocrx_word' id='word_1_608' title='bbox 1760 5299 1807 5376; x_wconf 78' lang='lat' dir='ltr'>Et</span> <span class='ocrx_word' id='word_1_609' title='bbox 1829 5305 1920 5374; x_wconf 89' lang='lat' dir='ltr'>sicut</span> <span class='ocrx_word' id='word_1_610' title='bbox 1936 5321 2008 5377; x_wconf 89' lang='lat' dir='ltr'>tota</span> <span class='ocrx_word' id='word_1_611' title='bbox 2032 5306 2181 5378; x_wconf 88' lang='lat' dir='ltr'>infantis</span> <span class='ocrx_word' id='word_1_612' title='bbox 2197 5307 2234 5376; x_wconf 92' lang='lat' dir='ltr'>in</span> <span class='ocrx_word' id='word_1_613' title='bbox 2251 5321 2350 5377; x_wconf 87' lang='lat' dir='ltr'>utero</span> 
     </span>
     <span class='ocr_line' id='line_1_95' title="bbox 1354 5408 2349 5501; baseline -0.001 -24"><span class='ocrx_word' id='word_1_614' title='bbox 1354 5409 1541 5490; x_wconf 87' lang='lat' dir='ltr'>formatio,</span> <span class='ocrx_word' id='word_1_615' title='bbox 1565 5408 1733 5495; x_wconf 92' lang='lat' dir='ltr'>nutritio,</span> <span class='ocrx_word' id='word_1_616' title='bbox 1752 5419 1786 5478; x_wconf 88' lang='lat' dir='ltr'>et</span> <span class='ocrx_word' id='word_1_617' title='bbox 1800 5409 2040 5498; x_wconf 63' lang='lat' dir='ltr'>conservagim</span> <span class='ocrx_word' id='word_1_618' title='bbox 2066 5423 2119 5482; x_wconf 85' lang='lat' dir='ltr'>est</span> <span class='ocrx_word' id='word_1_619' title='bbox 2134 5411 2249 5500; x_wconf 91' lang='lat' dir='ltr'>imago</span> <span class='ocrx_word' id='word_1_620' title='bbox 2267 5409 2349 5501; x_wconf 90' lang='lat' dir='ltr'>pul-</span> 
     </span>
    </p>
   </div>
   <div class='ocr_carea' id='block_1_24' title="bbox 0 0 2448 5961">
    <p class='ocr_par' dir='ltr' id='par_1_24' title="bbox 0 0 2448 5961">
     <span class='ocr_line' id='line_1_96' title="bbox 0 0 2448 5961; baseline 0 0"><span class='ocrx_word' id='word_1_621' title='bbox 0 0 2448 5961; x_wconf 95' lang='lat' dir='ltr'> </span> 
     </span>
    </p>
   </div>
  </div>
 </body>
</html>
