4884 5950
284 182 359 258 aas
766 163 1073 262 antonum
1104 164 1178 241 nr
1214 165 1325 246 nun

288 371 354 426 tus.
405 343 584 422 Prohibeo
610 343 693 414 item
721 312 795 432 geri
821 367 929 415 arma.
981 337 1030 412 Et
1057 340 1088 410 si
1115 339 1178 435 qui
1205 336 1274 412 lroc

288 459 444 530 edictum
468 459 714 529 contemnent,
740 445 822 512 illos
843 467 923 512 cum
941 439 1133 513 Academia
1159 467 1277 512 severe

291 559 435 654 puniet,
460 567 537 624 tum
558 573 658 630 vero,
684 546 713 616 si
735 569 825 636 opus
844 544 927 630 erit,
951 547 1057 616 etiam
1079 540 1279 614 cohercebit

292 656 555 733 illustrissimus
573 647 752 739 Princeps.
805 644 988 716 Postremo
1004 650 1201 717 monendos
1215 667 1279 715 vos

191 757 223 800 ’·
286 741 377 835 ιιιιιιιὶ
409 760 454 828 de
487 751 638 836 vestitu,
677 750 812 842 inquo
847 749 1007 840 quotidie
1041 749 1281 840 excogitantur

291 885 403 936 norae
427 856 599 947 ineptiae,
639 851 736 946 quod
767 850 940 939 significat
964 851 1074 940 magis
1101 842 1281 942 magisque

291 984 444 1038 crescere
468 957 645 1028 levitatem
671 953 886 1022 animorum.
939 952 1124 1022 Pontauus
1146 953 1183 1020 iu
1204 953 1282 1020 dia-

292 1071 371 1156 logo
396 1062 550 1156 quodam
584 1057 779 1144 interrogat
809 1054 939 1137 alium,
972 1053 1058 1147 quid
1087 1054 1282 1124 sentiatde

291 1169 389 1257 Rege
408 1163 550 1234 Gallico
566 1156 695 1228 Carolo
716 1157 883 1245 gibboso,
909 1155 971 1247 qui
994 1169 1078 1226 tunc
1096 1167 1283 1246 occuparat

291 1267 490 1360 Neapolin,
522 1259 568 1330 au
597 1259 730 1329 iudicet
762 1281 841 1326 eum
866 1281 938 1326 esse
968 1257 1186 1348 sapientem?
1219 1255 1284 1326 lllc

292 1370 512 1464 respondeus
535 1361 669 1454 inquit:
703 1357 893 1448 Quomodo
913 1372 1001 1430 esset
1018 1359 1176 1450 sapiens,
1203 1381 1283 1427 cum

293 1491 365 1544 tam
383 1484 481 1541 curta
501 1477 594 1534 veste
612 1461 755 1532 utatur?
796 1458 879 1550 Quo
897 1461 1045 1531 consilio
1063 1457 1130 1530 hoc
1149 1485 1168 1530 a
1187 1457 1285 1528 Pon-

294 1591 378 1646 tauo
395 1565 617 1642 dictumest?
650 1560 728 1633 Etsi
743 1563 847 1633 vestis
863 1587 937 1630 non
949 1563 1050 1631 affert
1066 1561 1286 1654 sapientiam,

295 1692 414 1747 tamen
433 1668 607 1740 affectatio
629 1666 789 1735 indecori
807 1665 952 1734 vestitus
974 1664 1147 1753 significat
1166 1664 1285 1733 stulti-

294 1781 400 1862 tiam,
434 1786 468 1842 et
484 1770 675 1843 levitatem.
729 1761 895 1837 Offendit
916 1761 1085 1836 honestos
1109 1780 1286 1855 etgraves

295 1868 391 1950 viros
413 1872 473 1946 bic
501 1868 718 1942 histrionum
749 1863 909 1950 babitus,
944 1883 979 1939 et
1003 1863 1131 1936 borum
1155 1866 1287 1936 iudicia

296 1985 394 2053 decet
408 2001 470 2048 vos
489 1973 615 2046 vereri.
661 1969 845 2040 Praeclare
861 1969 978 2062 inquit
994 1971 1126 2040 Seneca
1140 1969 1179 2038 in
1194 1967 1288 2038 Tra-

264 2109 268 2120 ·
297 2085 437 2176 goedia:
463 2075 570 2148 Levis
592 2086 663 2158 est,
685 2095 750 2140 nec
771 2071 873 2140 illdm
891 2071 1051 2141 stimulat
1069 2071 1202 2161 gloriae
1224 2071 1287 2138 de·

296 2209 369 2257 cus.
420 2177 549 2250 Monet
571 2176 684 2257 enim,
706 2196 787 2242 vere
810 2172 988 2243 levitatem
1012 2195 1105 2259 esse,
1128 2196 1203 2242 non
1226 2195 1288 2240 ve-

297 2287 370 2357 reri
395 2283 611 2376 prudentum
633 2287 667 2344 et
688 2270 918 2344 bonestorum
941 2275 1092 2364 iudicia,
1125 2298 1200 2344 non
1223 2269 1288 2342 ba-

297 2391 381 2458 bere
404 2383 579 2454 rationem
607 2377 885 2447 existimationis.
946 2373 1070 2464 Quid?
1103 2377 1199 2471 quod
1220 2369 1288 2445 hae

297 2488 451 2580 ineptiae
468 2504 595 2572 magna
612 2478 703 2548 vicia
718 2478 844 2548 alunt?
858 2477 937 2549 'Sed
954 2479 1090 2550 desino.
1129 2477 1287 2547 Tantum

260 2577 264 2586 ¹
298 2591 394 2661 enim
422 2585 522 2655 volni
553 2605 615 2652 vos
647 2603 803 2653 monere.
862 2577 998 2650 Hortor
1019 2592 1158 2664 autem,
1184 2592 1225 2650 ut
1248 2579 1287 2646 in

298 2691 466 2763 omuibus
480 2685 572 2756 vitae
586 2682 746 2775 partibus
760 2681 914 2751 officium
930 2695 1084 2752 vestrum
1099 2681 1289 2770 diligenter

296 2792 450 2871 iacietis,
475 2801 511 2857 et
530 2784 681 2856 modesti
703 2783 795 2870 sitis,
817 2797 852 2853 ct
873 2777 1011 2854 scholas
1035 2783 1193 2874 cogitetis
1213 2805 1288 2851 non

174 2923 176 2928 ’
298 2907 436 2968 tantum
454 2888 657 2972 doctrinae,
683 2885 868 2956 sedetiam
885 2885 1026 2958 virtutis
1040 2885 1199 2956 officinas
1217 2907 1289 2953 esse
1323 2953 1330 2970 ,

178 3037 184 3054 ·
298 3001 440 3069 debere.
490 2989 652 3084 Cumque
666 2987 704 3056 iu
721 2990 834 3077 gradu
849 2987 942 3058 vitae
958 3011 1096 3056 summo
1111 2999 1146 3056 et
1164 2987 1289 3056 laoda-

298 3099 435 3172 tissimo
459 3091 622 3164 collocati
638 3089 732 3174 sitis,
758 3102 930 3180 praestate
943 3101 978 3160 et
999 3089 1038 3158 iu
1055 3089 1183 3167 studiis
1199 3101 1233 3158 et
1249 3088 1288 3156 in

298 3194 553 3290 componendis
573 3192 731 3264 moribus
748 3191 969 3278 diligentiam
984 3191 1126 3278 dignam
1142 3190 1206 3260 illo
1222 3185 1289 3258 lto-

298 3297 498 3372 nestissimo
515 3294 609 3364 vitae
632 3293 761 3384 gradu,
785 3305 827 3361 ut
844 3291 931 3360 olim
948 3291 991 3360 ad
1007 3289 1189 3384 Rempub.
1202 3291 1289 3360 alie-

300 3403 385 3474 ratis
399 3413 433 3470 et
447 3396 644 3467 doctrinam
664 3393 788 3464 utilem
804 3393 907 3478 vitae,
931 3405 965 3462 et
981 3416 1095 3462 mores
1110 3395 1289 3486 probatos,

299 3519 334 3576 et
347 3516 388 3574 ut
397 3513 510 3570 vestra
525 3496 677 3568 eruditio
694 3510 728 3566 et
745 3494 940 3565 moderatio
956 3495 995 3564 in
1009 3495 1170 3566 moribus
1186 3507 1289 3565 ornet

299 3603 448 3698 gloriam
461 3600 542 3672 Dei.
594 3597 773 3685 Sapientia
795 3594 863 3666 Dei
885 3595 923 3664 in
946 3596 1130 3688 scripturis
1153 3597 1311 3690 inquits.

298 3709 402 3780 Ludo
419 3706 458 3773 in
473 3702 559 3772 orbe
575 3713 707 3782 terrae,
733 3714 768 3770 et
781 3693 928 3768 deliciae
945 3721 1044 3768 meae
1061 3711 1144 3773 sunt
1158 3697 1289 3771 versari

298 3833 380 3880 cum
403 3802 622 3877 bominibus.
675 3799 794 3890 Quam
817 3801 972 3870 suaviter
995 3795 1290 3896 hicDeusxtesta-

298 3901 375 3996 tur,
401 3931 437 3980 se
454 3905 559 3976 nobis
573 3904 753 3995 impertire
767 3925 866 3972 suam
885 3902 1104 3993 sapientiam.
1144 3899 1192 3972 Et
1209 3903 1290 3995 qui-

299 4015 381 4082 dem
399 4007 573 4098 voluptati
588 4006 621 4074 ei
635 4029 708 4074 esse
721 4017 760 4074 ut
776 4005 961 4074 nobiscum
975 4017 1144 4088 versetur,
1169 4019 1210 4075 ut
1223 4029 1290 4074 no-

300 4111 356 4183 bis
379 4134 483 4182 suum
506 4131 635 4178 munus
651 4106 841 4197 impertiat.
893 4104 1004 4197 ldque
1025 4119 1119 4176 extat
1134 4107 1172 4174 in
1187 4101 1291 4176 scbo-

299 4215 364 4299 lis,
400 4207 439 4281 hi
473 4223 593 4278 coetus
628 4222 730 4290 sunt,
771 4231 859 4301 quos
886 4221 989 4277 vocat
1021 4231 1102 4276 suas
1134 4207 1290 4278 delicias.

300 4315 421 4406 Quare
442 4311 661 4402 gratulemur
684 4309 787 4379 nobis
810 4305 901 4380 banc
917 4307 986 4378 Dei
1001 4309 1291 4396 familiaritatem,

299 4441 437 4512 nosque
468 4415 515 4483 ita
550 4435 810 4502 comparemus,
846 4424 886 4481 ut
919 4411 1074 4482 libenter
1105 4413 1290 4482 nobiscum

300 4533 476 4599 versetur,
510 4528 545 4584 et
566 4515 681 4584 studia
707 4527 827 4582 nostra
850 4515 895 4584 ad
917 4513 1105 4584 utilitatem
1130 4538 1291 4594 commu-

300 4612 578 4712 nemprovebat.
630 4613 724 4688 Dixi.

323 4949 391 5019 No.
410 4947 446 5016 9.

308 5041 478 5072 Μ

366 5139 422 5264 Exn
430 5138 529 5260 l'li'cq'i9
537 5139 653 5278 bgisqqll.
672 5135 751 5194 editis
771 5137 964 5195 uunxxvt.
983 5151 1010 5196 et
1029 5159 1060 5196 ιι
1073 5157 1168 5214 apogr.
1180 5138 1210 5194 in
1225 5143 1289 5198 cod.

424 5229 483 5264 au.
530 5250 537 5266 .
570 5246 577 5262 .
627 5246 634 5262 .

1097 4953 1162 5032 (ιι.
1182 4943 1296 5035 aaa.)

1112 5043 1284 5070 m

1335 167 1441 246 VES
1472 167 1823 246 CONCIONES.
2237 171 2322 248 924

1354 348 1576 420 Gratiarum
1597 349 1697 420 actio
1713 348 1753 417 iu
1768 350 1998 438 proemiioae
2008 349 2298 444 Magistros-usn,

1680 446 1840 520 authore
1862 453 1902 519 Ρ.
1921 452 1974 520 Μ.

1359 579 1369 616 t

1333 581 1431 668 Cum
1449 589 1833 683 Praeceptores'nostri
1855 593 2059 664 mandarint
2081 589 2190 675 mibi,
2223 609 2264 664 ut
2287 595 2330 664 in

1332 694 1400 768 ltoc
1416 687 1663 766 honestissimo
1678 707 1781 766 coetu
1795 695 1839 764 de
1852 719 1950 765 more
1966 719 2066 786 agam
2082 698 2222 784 gratias,
2239 719 2330 786 gau-

1333 803 1398 868 deo
1412 791 1503 866 mihi
1518 819 1575 864 eas
1594 809 1708 888 partes
1726 797 1824 866 datas
1846 820 1937 884 esse,
1961 797 2000 866 iu
2018 797 2149 891 quibus
2164 799 2328 868 officium

1332 900 1461 990 magis,
1493 921 1599 991 quam
1618 893 1833 991 Eloquentia
1855 913 2042 990 spectatur.
2093 901 2205 990 Spero
2229 901 2329 970 enim

1334 1025 1396 1072 vos
1431 1023 1495 1093 pro
1530 1013 1645 1070 vestra
1680 1023 1817 1069 summa
1850 995 2070 1072 humanitate
2105 1002 2330 1074 voluntatem

1329 1129 1447 1175 vmeam
1469 1102 1681 1194 probaturos
1702 1124 1794 1186 esse,
1827 1103 1963 1171 etiamsi
1984 1102 2023 1172 in
2045 1103 2207 1173 oratione
2231 1105 2330 1172 mirl-

1334 1222 1410 1279 tum
1432 1202 1690 1274 desiderabitis.
1741 1200 1954 1296 Quanquam
1978 1205 2038 1276 cui
2055 1201 2087 1299 ¹)
2110 1219 2162 1278 est
2185 1219 2328 1276 tantum

1335 1309 1470 1378 flumen
1487 1305 1639 1395 ingenii,
1666 1317 1762 1375 tanta
1778 1305 1999 1400 eloquentia,
2027 1321 2066 1378 ut
2086 1333 2124 1376 ea
2142 1309 2327 1396 beneficia,

1336 1435 1424 1504 quae
1458 1407 1608 1512 studiosi
1639 1432 1658 1476 a
1688 1407 1793 1476 bonis
1822 1409 2029 1478 doctoribus
2051 1410 2230 1501 accipiunt
2261 1433 2327 1501 pro

1337 1511 1509 1600 dignitate
1536 1509 1739 1599 praedicare
1763 1521 1868 1604 atque
1898 1534 2026 1580 ornare
2049 1511 2169 1602 possit.
2221 1509 2327 1599 Quae

1336 1615 1431 1684 enim
1455 1611 1621 1682 beneficia
1645 1611 1778 1680 maiora
1801 1635 1841 1680 ac
1861 1613 2008 1682 meliora
2023 1614 2181 1682 conferre
2202 1607 2326 1682 laomi-

1337 1740 1399 1786 nes
1415 1711 1621 1784 bominibus
1637 1726 1802 1804 possunt,
1827 1739 1933 1806 quam
1949 1709 2043 1783 banc
2063 1729 2175 1786 rectae
2190 1714 2326 1784 doctri-

1336 1842 1403 1888 nae
1425 1813 1803 1901 communicationem,
1835 1839 1904 1908 qua
1928 1829 2001 1886 tota
2025 1818 2096 1885 vita
2122 1817 2328 1888 continetur

1336 1943 1377 1989 ac
1399 1917 1550 2008 regitur,
1575 1939 1681 2009 quam
1704 1912 1874 1986 babemus
1898 1907 2023 1986 ducem
2040 1920 2084 1987 ad
2102 1918 2270 1990 virtutem
2294 1931 2329 1988 et

1336 2021 1381 2092 ad
1399 2018 1712 2091 immortalitatem.
1745 2015 1868 2112 ltaque
1882 2043 2020 2112 semper
2033 2021 2153 2112 optavi
2170 2020 2329 2114 aliquam

1338 2118 1426 2192 mihi
1444 2121 1664 2191 occasionem
1687 2118 1765 2189 dari
1784 2121 2033 2210 significandae
2054 2147 2154 2192 meae
2178 2121 2331 2212 gratitu-

1337 2225 1433 2294 dinis
1454 2244 1535 2312 erga
1558 2235 1800 2314 praeceptores
1823 2236 1983 2310 nostros,
2015 2225 2224 2317 praesertim
2248 2245 2331 2292 cum
2428 2257 2429 2262 ι

1337 2327 1494 2395 viderem
1510 2323 1696 2416 praecipue
1709 2323 1749 2391 in
1765 2319 1831 2392 hac
1844 2319 1965 2396 schola
1978 2349 2114 2396 summa
2127 2326 2209 2406 fide,
2231 2347 2331 2395 sum·
2428 2333 2429 2388 t

1338 2451 1465 2521 maque
1486 2425 1675 2518 prudentia
1698 2424 1802 2494 nobis
1818 2427 1969 2518 optimas
1989 2441 2081 2497 artes
2104 2428 2201 2498 tradi
2223 2441 2330 2519 atquc

1337 2527 1519 2603 inculcari.
1570 2524 1730 2630 Cumque
1753 2521 1792 2595 bi
1808 2528 1878 2597 mei
1895 2529 2049 2620 collegae
2071 2543 2261 2614 testentur,
2292 2551 2331 2596 se

1337 2633 1382 2702 ad
1401 2631 1553 2700 eundem
1577 2631 1725 2698 modum
1749 2627 1893 2700 affectos
1916 2653 2009 2718 esse,
2041 2655 2116 2701 uon
2145 2633 2262 2702 solum
2283 2631 2331 2698 de

1338 2757 1415 2819 me,
1430 2821 1432 2828 ,
1447 2732 1509 2802 sed
1532 2729 1637 2800 etiam
1660 2733 1705 2800 de
1726 2753 1788 2801 sua
1809 2731 2028 2804 voluntatea
2045 2734 2189 2803 medici
2206 2733 2335 2804 volue-

1337 2848 1434 2904 runt.
1484 2829 1561 2904 Etsi
1584 2846 1701 2902 autem
1724 2828 1810 2902 baec
1833 2834 2123 2906 commemoratio
2148 2829 2257 2905 huius
2278 2845 2333 2904 est

1338 2936 1513 3015 officium,
1539 2957 1646 3029 quam
1663 2947 1703 3004 ut
1719 2935 1957 3024 magnitudini
1970 2938 2178 3007 meritorum
2193 2950 2332 3006 vestro·

1338 3061 1417 3108 rum
1434 3039 1660 3128 respondeat,
1685 3051 1804 3106 tamen
1820 3039 1989 3131 quoniam
2008 3039 2047 3108 in
2063 3039 2150 3131 ipsis
2163 3037 2331 3130 auspiciis

1338 3138 1453 3209 nostri
1476 3133 1643 3224 honoris,
1678 3137 1773 3208 etin
1798 3133 2331 3230 bocpublicoconventuDeo
2428 3155 2430 3172 ⁴

1339 3255 1374 3312 et
1403 3239 1506 3318 vobis
1537 3241 1684 3310 testibus
1712 3239 1911 3330 obligamus
1944 3267 2010 3312 nos
2035 3243 2206 3334 religione
2238 3265 2332 3334 qua-

1339 3345 1419 3414 darn
1439 3344 1483 3412 ad
1506 3337 1707 3412 habendam
1737 3343 1883 3432 gratiam
1908 3357 2095 3436 perpetuo,
2130 3343 2331 3436 plurimum

1338 3439 1470 3514 habere
1504 3443 1671 3536 ponderis
1703 3438 1790 3514 baec
1819 3445 2104 3516 commemoratio
2136 3444 2332 3515 iudicanda

1339 3561 1403 3617 est.
1455 3543 1691 3636 Agnoscimus
1708 3545 1826 3640 itaque
1840 3569 1906 3616 nos
1928 3547 1973 3616 iis
1993 3547 2170 3618 benefieiis
2185 3545 2334 3616 affectos

1339 3673 1430 3734 esse,
1455 3649 1585 3742 quibus
1599 3647 1860 3748 cogitarinolla
1876 3650 2024 3719 meliora
2040 3663 2197 3742 possunt.
2238 3646 2334 3717 Nul-

1339 3753 1413 3820 lum
1442 3751 1537 3820 enim
1564 3750 1677 3818 maius
1706 3761 1757 3818 est
1782 3749 2009 3836 beneficium,
2041 3777 2148 3847 quam
2173 3763 2265 3821 recte
2286 3751 2333 3819 de

1338 3853 1502 3922 maximis
1519 3851 1636 3942 rebus,
1659 3853 1704 3934 de
1718 3845 1900 3941 religione,
1925 3855 2041 3947 deque
2056 3855 2224 3924 omnibus
2236 3853 2334 3922 vitae

1339 3954 1464 4024 osticiis
1482 3954 1572 4023 alios
1586 3954 1722 4025 docere.
1773 3951 1934 4048 Cumque
1951 3950 2038 4025 baec
2056 3956 2152 4026 bona
2169 3980 2249 4024 vere
2262 3951 2335 4023 Dei

1340 4079 1487 4127 munera
1502 4057 1541 4124 in
1557 4055 1660 4125 terris
1675 4077 1747 4124 esse
1761 4068 1967 4142 statuamus,
1984 4059 2157 4129 sentimus
2169 4055 2203 4155 ¹)
2217 4057 2334 4128 Deum

1340 4158 1517 4226 vindicem
1539 4157 1807 4246 ingratitudinis
1824 4159 1917 4244 lore,
1944 4159 2054 4254 siquis
2073 4161 2234 4250 ingratus
2255 4161 2333 4228 fue-

1339 4261 1388 4331 rit
1408 4261 1575 4330 adversus
1599 4281 1675 4342 eos,
1709 4283 1862 4351 quorum
1883 4285 1989 4350 opera
2010 4263 2125 4332 aditus
2149 4263 2220 4356 ipsi
2237 4274 2333 4352 pate-

1340 4363 1453 4432 factus
1471 4375 1521 4431 est
1539 4363 1581 4430 ad
1598 4353 1662 4429 has
1679 4359 1831 4452 optimas
1848 4387 1887 4431 ac
1902 4363 2040 4433 divinas
2056 4379 2160 4435 artes.
2212 4361 2334 4453 Quare

1340 4463 1550 4556 pollicemur
1573 4485 1638 4530 nos
1667 4475 1837 4553 perpetuo
1860 4465 1962 4534 vobis
1985 4467 2133 4556 gratiam
2160 4461 2338 4536 balituros

1341 4589 1430 4650 esse,
1456 4588 1497 4635 ac
1514 4565 1661 4634 daturos
1677 4587 1840 4655 operam,
1865 4579 1905 4636 ut
1920 4593 2133 4663 quocunque
2150 4567 2259 4638 ollicii
2277 4590 2338 4657 ge-

1340 4691 1424 4736 nere
1450 4667 1664 4840 therimus,
1689 4667 1866 4739 cumulate
1886 4693 1949 4761 per
1966 4671 2188 4750 occasionem
2204 4669 2338 4742 relere-

1340 4792 1431 4842 mus.
1510 4793 1568 4839 m.

1375 5130 1402 5198 1)
1422 5125 1500 5182 llice·
1516 5127 1607 5186 cuius·

1375 5213 1405 5284 2)
1422 5216 1573 5279 sentimus]
1594 5213 1693 5271 excidit
1711 5219 1727 5270 s
1742 5221 1815 5269 testu
1827 5209 1924 5272 liiecii.
1958 5211 1960 5218 ’
