4888 5962
140 190 248 308 rae¹
732 199 1160 296 nuansrrunns
1193 197 1592 281 acauuntcau
1799 263 1808 276 .
2099 208 2178 286 aas

135 365 254 456 igitar
289 367 416 440 videns
450 368 731 447 inextricabilem
767 378 1011 472 quaestionem
1050 400 1134 458 esse,
1187 388 1334 470 propter
1350 368 1416 446 hac
1431 377 1605 464 mutantia
1622 377 1810 473 explicata,
1830 381 1971 478 reliqua
1987 383 2175 468 omniala-

137 465 262 539 -Musis
283 492 365 540 eum
387 494 587 545 sermonem
606 478 789 565 attribuit,
815 505 902 574 quas
924 482 1023 552 velut
1043 478 1134 549 vati·
1187 477 1490 570 ciliuspatebunt.

139 571 304 642 cinantes
331 572 450 664 fingit,
484 577 634 650 obscure
659 604 798 652 causam
825 583 983 654 recitare.
1049 579 1133 652 Ideo

142 685 256 743 certas
284 695 358 744 esse
383 675 590 767 politiarum
614 683 801 773 periodos,
835 710 905 779 qua
927 685 966 754 in
988 705 1134 776 genera·
1286 676 1369 754 Duo
1385 694 1502 754 autem
1518 683 1557 754 in
1573 677 2071 784 hacsententiaquaeruntur,
2095 687 2177 760 Pri·

133 775 240 844 tinne
255 774 424 867 iungatur
438 782 680 874 sesquitertiae
692 786 893 880 quinarius.
942 779 1032 858 Eius
1048 785 1133 857 dicti
1155 864 1156 868 Ἰ
1186 807 1265 864 mo,
1291 807 1464 876 quasnam
1477 783 1695 862 Harmoniae
1717 783 1737 859 ὃ
1757 785 1919 884 πυθμὴν
1934 791 2176 886 sesquitertius

138 877 206 946 etsi
221 878 354 949 multae
370 879 679 974 interpretationes
693 909 713 957 a
725 889 839 960 doctis
850 891 1028 982 quaesitae
1039 901 1133 972 sunt,
1186 885 1352 976 praebeat
1379 887 1422 960 ,in
1452 887 1650 958 mutatione
1671 890 1789 979 legum
1815 907 1850 963 et
1864 905 1981 966 status
1999 893 2176 984 ,imperio-

139 993 261 1051 umen
284 973 376 1052 hanc
397 982 693 1074 simplicissimam
716 1015 789 1060 esse
811 991 952 1076 indico,
984 1006 1025 1062 ut
1046 1013 1132 1061 cun·
1185 987 1291 1058 rum?
1331 984 1471 1058 Deinde
1486 1013 1557 1082 quo
1573 1004 1731 1082 tempore
1745 993 1807 1062 illa
1824 995 1974 1066 mutatio
1987 994 2072 1068 fist?
2115 990 2175 1067 Ad

138 1081 385 1152 sonantiarum
413 1084 495 1156 finis
522 1102 648 1160 natura
678 1093 867 1164 ordinatus·
883 1108 952 1178 est,
982 1117 1065 1163 curn
1087 1093 1130 1160 ad
1185 1085 1335 1180 primam
1363 1090 1605 1184 quaestionem
1628 1095 1842 1184 respondeo,
1876 1121 1966 1188 quae
1989 1095 2175 1186 triplicatis
2310 1119 2316 1130 ⁸

136 1177 338 1256 διαπασῶν
362 1200 508 1256 ventum
533 1204 598 1260 est:
633 1193 681 1263 ita
706 1195 845 1285 legibus
869 1195 1051 1277 fatalibus,
1084 1193 1133 1263 ait
1178 1191 1356 1260 ‘lateribus
1382 1195 1452 1262 τοῦ
1480 1187 1674 1284 πυθμένος
1701 1195 1934 1288 sesquitertii,
1975 1209 2174 1268 excrescant

137 1285 294 1356 subinde
314 1310 408 1356 nova
426 1288 572 1382 imperia
590 1294 720 1365 exoriri
737 1297 925 1367 ruentibus
940 1297 1132 1387 prioribus,
1184 1291 2038 1391 superDiatessaronsemiditonuscumdiapente,
2054 1297 2174 1369 etdia-

136 1400 326 1480 propterea
341 1391 437 1482 qnod
453 1395 707 1482 praestantiora
723 1399 897 1482 deficiant,
922 1401 1036 1469 donec
1050 1421 1132 1468 rur·
1183 1417 1295 1486 paeon
1316 1419 1396 1464 cum
1417 1395 1647 1482 semiditono,
1671 1397 1712 1468 id
1731 1411 1810 1482 est,
1828 1399 1975 1490 septima
1989 1413 2028 1470 et
2036 1399 2174 1470 decima

133 1513 199 1560 sus
228 1489 328 1559 fatali
354 1491 471 1585 aliqua
499 1495 575 1582 lege
599 1497 659 1568 fiat
682 1499 910 1585 instauratio,
944 1523 1035 1594 quae
1055 1499 1130 1590 ipsa
1182 1511 1496 1591 superquartam,
1527 1508 1568 1568 ut
1597 1522 1694 1570 nunc
1721 1501 1828 1590 vulgo
1851 1501 2044 1594 loquimur.
2094 1496 2174 1571 Etsi

135 1592 314 1662 sententia
334 1604 454 1662 manen
477 1599 655 1686 adfirmat,
686 1603 809 1672 divina
831 1602 1057 1694 providentia
1081 1601 1130 1670 sic
1180 1599 1278 1667 enirn
1306 1598 1386 1667 aliis
1414 1599 1559 1668 musicis
1582 1601 1738 1672 modulis
1761 1603 1988 1676 intervallum
2010 1603 2089 1698 2ss
2115 1625 2174 1672 ra-

135 1693 340 1764 ordiuatam
368 1718 443 1765 esse
472 1711 506 1768 et
536 1723 656 1770 rerum
686 1719 720 1775 et
743 1699 932 1774 hominum
953 1718 1130 1783 naturam,
1182 1699 1291 1770 tionis
1314 1701 1453 1792 explere
1475 1724 1677 1794 possemus,
1702 1717 1821 1774 tamen
1844 1705 1935 1776 illud
1953 1704 2103 1774 minime
2119 1704 2173 1774 la·

135 1809 179 1866 ut
206 1797 394 1867 ruentibus
425 1798 586 1889 imperiis
614 1803 683 1872 alia
715 1807 991 1879 constituantur.
1057 1803 1127 1876 Sed
1182 1801 1349 1872 ciendum
1368 1825 1442 1872 esse
1461 1825 1662 1888 censemus,
1688 1807 1784 1899 quod
1801 1804 1964 1877 Platonis
1977 1805 2172 1880 sententiae

135 1919 280 1968 causam
304 1898 429 1968 ruinae
448 1917 624 1974 monstrat
645 1907 807 1977 doctrina
821 1904 1017 1992 Ecclesiae,
1040 1925 1129 1999 quae
1181 1903 1295 1992 magis
1312 1905 1531 1976 conveniunt
1549 1897 1775 1991 harmoniae,
1800 1931 1887 2000 quas
1904 1908 2073 1997 praebent
2087 1905 2172 1978 bina

135 1999 320 2086 adfirmat,
339 2003 557 2104 mutationes
572 2005 803 2098 imperiorum
822 2033 951 2100 poenas
966 2032 1040 2078 esse
1054 2031 1129 2078 sce·
1182 2003 1297 2074 media
1323 2005 1624 2096 proportionalia,
1650 2031 1740 2101 quae
1761 2009 1856 2078 inter
1870 2009 2048 2100 triplicata
2062 2009 2172 2086 latera
2238 2023 2242 2030 '

134 2102 265 2187 lerum,
291 2127 380 2195 qaae
396 2106 519 2196 populi
537 2121 572 2176 ct
585 2105 701 2198 Reges
716 2126 977 2202 perpetrarunt.
1017 2109 1129 2201 Saepe
1181 2107 1355 2188 existunt,
1388 2108 1523 2201 alioqui
1544 2108 1643 2178 enim
1667 2109 1787 2202 plures
1810 2105 2034 2195 harmoniae,
2065 2133 2172 2203 quarn

135 2198 343 2274 herverum
359 2219 426 2276 est:
453 2204 634 2302 Quicquid
649 2210 939 2303 delirantReges,
967 2213 1127 2302 plectun-
1182 2211 1276 2278 duae
1302 2210 1509 2279 accederent
1536 2211 1778 2306 sesquitertiae
1806 2211 1951 2288 rationi.
2000 2207 2173 2304 Appella-

135 2317 198 2375 tur
222 2301 363 2380 Achivi.
430 2305 499 2378 Sed
525 2309 616 2380 illud
642 2313 746 2383 etiam
770 2337 873 2406 saepe
898 2313 1047 2398 accidit,
1088 2326 1128 2383 ut
1180 2332 1261 2380 mus
1277 2309 1386 2399 igitur
1406 2311 1493 2382 duas
1508 2304 1714 2382 hannoniae
1730 2312 1901 2406 peculiari
1914 2313 2040 2384 modo:
2066 2313 2173 2384 semi-s

134 2405 323 2499 Principes
339 2422 485 2500 propter
501 2413 626 2504 populi
642 2415 769 2485 delicta
786 2417 1000 2508 puniantur,
1024 2428 1064 2485 ut
1079 2415 1128 2484 ait
1180 2411 1345 2482 ditonum
1366 2436 1448 2483 cum
1468 2412 1655 2503 diapente,
1680 2428 1715 2484 et
1737 2415 1908 2506 diapason
1927 2439 2009 2486 cum
2025 2413 2173 2486 semidi-

134 2506 328 2580 Salomon:
365 2507 517 2602 Propter
546 2531 685 2605 peccata
718 2519 840 2608 populi
870 2519 1014 2588 crebrae
1043 2530 1128 2588 sunt
1180 2527 1284 2598 tono,
1316 2537 1468 2606 quarum
1489 2515 1683 2605 posterior,
1710 2510 1779 2586 hoc
1801 2517 2029 2602 est'decima,
2062 2515 2129 2586 etsi
2148 2538 2172 2586 a

132 2611 350 2682 mutationes
370 2609 592 2704 Principum.
656 2615 760 2688 Hanc
788 2619 959 2689 moralem
984 2642 1125 2688 causam
1179 2615 1386 2686 cantoribus
1401 2639 1473 2707 pro
1496 2611 1683 2687 harmonia
1704 2611 1871 2703 habetur:
1899 2631 2018 2687 tamen
2036 2614 2171 2686 Musici

134 2713 361 2803 praecipuam
388 2734 462 2784 esse
489 2717 653 2791 sciamus.
718 2717 931 2791 Studeamus
952 2734 1070 2790 antem
1094 2731 1127 2789 et
1179 2715 1384 2808 pracsertim
1417 2711 1644 2811 Pythagorici
1670 2742 1754 2806 earn
1795 2719 1962 2789 reiiciunt
1998 2731 2171 2809 tanquam

133 2815 251 2884 lenire
273 2815 379 2886 nobis
401 2816 471 2907 ipsi
496 2807 701 2890 communes
719 2821 887 2892 miserias.
938 2821 1028 2892 Nam
1048 2845 1126 2890 mo-
1179 2840 1324 2910 prorsus
1351 2818 1553 2904 dissonam,
1587 2819 1705 2911 ipsum
1732 2821 1904 2912 diapason
1933 2821 2170 2894 excedentem.
2251 2871 2255 2880 .

132 2914 337 3001 deratione,
368 2917 751 3014 disciplinaspictate,
784 2925 965 2993 flectemus
996 2919 1126 3002 Deum,
1178 2916 1364 2990 Caeterum
1386 2919 1620 2991 semiditonus
1642 2946 1722 2992 cunr
1744 2921 1910 3012 diapente
1931 2945 1993 2993 seu
2010 2917 2170 3012 septima,

131 3032 176 3089 ut
193 3018 330 3107 mitiget
347 3041 499 3110 poenas,
523 3035 566 3094 ut
582 3039 726 3118 propter
743 3025 999 3116 poenitentiam
1017 3021 1126 3114 Regis
1178 3045 1252 3093 uno
1266 3045 1328 3090 ore
1342 3021 1388 3090 ab
1402 3021 1570 3093 omnibus
1584 3036 1619 3094 et
1631 3023 1775 3092 musicis
1790 3021 2052 3108 etcantoribus,
2075 3020 2170 3092 inter

131 3120 472 3210 etpnpulimntavit
488 3123 667 3197 decretum
684 3125 884 3198 deNinives
910 3124 1126 3215 Quoesem·
1179 3123 1347 3196 stridulae
1377 3119 1607 3218 symphonias
1636 3125 1814 3200 abiicitur.
1881 3122 2033 3200 Constat
2060 3122 2170 3212 igitur

129 3222 194 3314 plo
209 3221 348 3292 illustre
362 3223 604 3296 testimonium
619 3229 724 3298 uobis
738 3229 934 3321 proposuit,
958 3252 1004 3298 ne
1017 3226 1125 3300 stoica
1178 3225 1436 3320 sesquitertiam
1464 3227 1640 3296 rationem
1670 3223 1848 3298 dulcisoni
1874 3225 2093 3297 diatessaron
2107 3238 2170 3306 ,ter

129 3323 339 3394 necessitate
367 3325 441 3416 regi
472 3350 529 3396 res
558 3323 732 3400 humanas
755 3330 1013 3417 existimemus,
1044 3352 1125 3400 cum
1178 3326 1407 3418 compositam
1425 3328 1598 3417 praebere
1619 3327 1708 3399 duas
1729 3327 1985 3415 dissonantias,
2015 3325 2169 3398 maxims

129 3445 237 3497 snum
252 3425 360 3498 etiam
377 3428 557 3500 acernum
572 3430 763 3504 mutaverit
778 3447 923 3524 propter
937 3427 1125 3502 hominnm
1178 3427 1372 3498 secundum
1388 3423 1645 3521 Pythagoram,
1671 3455 1691 3500 a
1711 3455 1785 3522 quo
1798 3428 1902 3502 Plato
1925 3429 2082 3522 plurime
2100 3451 2170 3498 nu·
2191 3427 2193 3433 ’

130 3527 429 3598 emendationem
481 3529 669 3620 Quiavult
687 3529 753 3604 hoc
769 3535 931 3624 agnosci,
955 3535 1050 3627 quod
1068 3555 1125 3602 ce-
1177 3551 1357 3599 merorum
1381 3523 1598 3598 theoremata
1622 3532 1788 3621 sumpsit,
1811 3525 2011 3600 harmoniis
2031 3553 2170 3608 accum-
2250 3593 2253 3600 .

129 3629 293 3700 icbratur
312 3630 473 3722 de'ipso,
497 3631 554 3702 his
570 3635 704 3706 verbis:
730 3634 811 3705 Non
826 3636 1010 3706 delectaris
1026 3635 1126 3704 Deus
1178 3633 1331 3715 mndata,
1358 3627 1465 3722 idque
1481 3652 1555 3698 uon
1570 3629 1713 3700 iniuria.
1763 3625 1982 3724 Pythagoras
1997 3631 2093 3699 enim
2108 3629 2169 3698 in-

128 3730 334 3823 perditione
352 3733 486 3820 nostri,
509 3725 570 3804 sed
587 3750 666 3827 post
682 3731 870 3806 lachrimas
886 3737 1007 3807 reddis
1022 3735 1126 3806 laeti·
1177 3731 1461 3804 ventorillarnm
1474 3730 1654 3804 rationum
1668 3743 1703 3803 et
1717 3753 1878 3802 summus
1892 3727 2017 3802 artilex
2033 3728 2112 3806 soit.
2190 3728 2192 3738 ’

128 3834 235 3904 ciam.
302 3829 358 3903 lta·
375 3857 476 3906 nunc
495 3837 713 3929 poenitentia
737 3853 770 3908 et
792 3863 874 3908 vera
900 3837 1127 3908 invocatione
1565 3869 1569 3877 ·

126 3933 272 4006 flectere
287 3957 369 4006 eum
383 3939 607 4024 studeamus,
631 3954 670 4010 nt
686 3935 749 4010 has
763 3935 938 4010 Ecclesias
953 3953 987 4010 et
1002 3963 1124 4010 aarum
1279 3931 1337 4006 Ad
1360 3933 1551 4006 secusrdam
1569 3933 1810 4030 quaestionem
1831 3934 2029 4026 respondeo
2050 3932 2170 4010 verbis

128 4033 287 4129 hospitia
302 4052 436 4124 servet,
462 4063 528 4110 nec
543 4041 637 4110 slnat
652 4041 793 4126 vincere
809 4063 889 4128 aus,
913 4042 976 4136 qui
990 4065 1147 4122 conans
1176 4031 1358 4120 Platonis,
1391 4061 1481 4132 qnae
1503 4035 1586 4106 illae
1605 4037 1820 4106 mutationes
1842 4037 1949 4122 fiunt,
1982 4035 2125 4130 qtsando
2147 4028 2169 4108 ti

126 4151 192 4208 tur
226 4137 325 4209 ldola
356 4139 534 4226 stabilire,
580 4167 671 4238 quae
707 4139 873 4214 horribili
909 4143 1124 4215 contumelia
1177 4134 1337 4232 πυθμὴν
1358 4137 1602 4232 sesquitertius
1624 4139 1844 4229 triplicatur,
1867 4138 1942 4208 sive
1965 4151 2005 4208 ut
2020 4133 2169 4214 Ariston

123 4236 247 4314 Deum
270 4241 452 4318 adficiunt
504 4241 588 4313 ldeo
608 4261 753 4339 propter
774 4246 923 4334 gloriam
944 4261 977 4316 et
995 4247 1125 4315 verita·
1176 4241 1348 4334 loquitur,
1374 4243 1518 4334 quando
1533 4240 1979 4330 numerusdiagrammatis
1992 4239 2066 4308 sive
2079 4265 2170 4328 qua-

125 4355 200 4412 tem
231 4355 330 4420 tuam
358 4355 501 4420 aeterne
522 4341 620 4417 Deus
643 4371 710 4422 nos
730 4362 874 4440 protege
898 4361 933 4419 et
954 4347 1125 4438 guberna.
1177 4342 1342 4432 dranguli
1366 4343 1405 4414 lit
1424 4341 1580 4428 solidus,
1606 4337 1676 4412 hoc
1691 4355 1761 4427 est,
1789 4341 1888 4416 1728
1904 4341 2020 4412 armis.
2071 4337 2168 4410 Haec

125 4441 224 4516 Dixi.
590 4495 601 4504 ,
682 4511 686 4520 ,
1177 4457 1218 4516 ut
1248 4445 1486 4534 explicentur,
1515 4459 1550 4514 et
1576 4457 1761 4536 appareat,
1791 4465 1879 4512 nuru
1904 4437 1990 4512 haec
2012 4455 2104 4512 recte
2124 4464 2167 4510 es
2233 4461 2239 4470 ·

1176 4544 1350 4616 sententia
1376 4543 1536 4615 Platonis
1566 4545 1820 4637 protulerimus
1850 4563 1989 4614 necesse
2017 4554 2068 4614 est
2100 4563 2168 4612 nos

285 4673 478 4763 &pampo
506 4671 724 4745 Mamm
752 4677 968 4766 Μηρώ
1176 4647 1280 4718 initio
1304 4649 1476 4738 quaedam
1500 4647 1672 4718 vocabula
1698 4645 1882 4736 explicare.
1938 4639 2061 4713 Primo
2085 4643 2169 4736 qui-

160 4761 166 4774 '
710 4785 717 4795 =
1176 4751 1257 4820 dem
1284 4743 1353 4822 adr
1379 4743 1559 4839 πυθμένα
1586 4773 1662 4818 non
1692 4761 1784 4816 recte
1815 4757 1998 4816 verterunt
2022 4745 2169 4832 cubum,

229 4847 349 4925 Verba
377 4847 539 4922 Platonis
564 4847 614 4922 ,iu
651 4863 777 4922 octavu
803 4853 1018 4932 nonanus:
1068 4839 1124 4926 ὧν
1176 4852 1292 4942 ipsum
1320 4850 1416 4922 enim
1441 4849 1653 4920 vocabulum
1678 4849 1819 4940 proprie
1840 4845 2015 4936 significat
2037 4847 2168 4918 funda-

126 4946 312 5046 ἐπίτριτος
338 4945 499 5044 πυθμὴν
526 4943 714 5043 πεμπτάδι
741 4947 927 5052 συζυγεὶς,
960 4945 1032 5025 dv‘o
1054 4947 1123 5046 ‹ip-
1174 4965 1335 5023 ruentum
1350 4975 1412 5022 scu
1426 4952 1598 5034 lundam,
1622 4951 1696 5020 sive
1710 4963 1904 5018 extremum
1920 4947 2071 5020 alicuius
2088 4971 2168 5018 cor-

125 5051 266 5146 pscsrs'na
290 5049 489 5150 παρέχεται
508 5047 596 5148 spis
620 5049 808 5147 αὐξηθεὶς.
869 5053 972 5144 Quae
993 5055 1122 5126 deinde
1174 5056 1288 5146 poris,
1314 5054 1411 5146 quod
1436 5075 1556 5122 revera
1579 5075 1621 5120 ex
1639 5049 1843 5120 Geometria
1862 5063 1999 5142 constat
2016 5073 2090 5120 esse
2107 5073 2169 5118 su·
2216 5134 2219 5142 Δ

124 5157 169 5230 in
193 5155 344 5230 Platane
370 5169 588 5249 sequuntur,
619 5156 845 5237 obscuriora,
879 5169 919 5228 ut
942 5157 1122 5242 videntur,
1173 5155 1363 5247 perficiem.
1440 5151 1670 5244 Quapropter
1699 5151 1851 5221 sciamus
1878 5147 2066 5221 Platonem
2099 5143 2168 5218 hos

125 5253 214 5330 huic
235 5256 430 5330 mentius
450 5256 572 5326 omnia
594 5271 679 5329 sunt
700 5257 858 5340 iuclsssa,
891 5271 930 5332 nt
951 5272 987 5332 et
1008 5255 1120 5333 Arist
1171 5255 1346 5326 vocabulo
1376 5253 1596 5346 superficiem
1627 5253 1811 5344 designare
1838 5266 1875 5324 et
1903 5253 2051 5347 quidem
2078 5273 2169 5342 qua·

124 5359 401 5453 inultiruoosp.
416 5353 968 5454 quintiPolitieorumindicavit.
1019 5355 1121 5450 Qua·
1171 5357 1398 5449 drangulum,
1430 5355 1521 5428 sicut
1550 5355 1663 5451 liquet
1692 5379 1733 5426 ss
1760 5353 1969 5440 Aristotele,
2008 5351 2072 5448 qui
2100 5343 2168 5426 τὸν
