<?xml version="1.0" encoding="UTF-8"?>
<!DOCTYPE html PUBLIC "-//W3C//DTD XHTML 1.0 Transitional//EN"
    "http://www.w3.org/TR/xhtml1/DTD/xhtml1-transitional.dtd">
<html xmlns="http://www.w3.org/1999/xhtml" xml:lang="en" lang="en">
 <head>
  <title>
</title>
<meta http-equiv="Content-Type" content="text/html;charset=utf-8" />
  <meta name='ocr-system' content='tesseract 3.04.00' />
  <meta name='ocr-capabilities' content='ocr_page ocr_carea ocr_par ocr_line ocrx_word'/>
</head>
<body>
  <div class='ocr_page' id='page_1' title='image "./philippimelanth07bindgoog_0522.png"; bbox 0 0 4884 5950; ppageno 0'>
   <div class='ocr_carea' id='block_1_1' title="bbox 251 273 356 360">
    <p class='ocr_par' dir='ltr' id='par_1_1' title="bbox 251 273 356 360">
     <span class='ocr_line' id='line_1_1' title="bbox 251 273 356 360; baseline 0.01 -9"><span class='ocrx_word' id='word_1_1' title='bbox 251 273 356 360; x_wconf 76' lang='lat' dir='ltr'><strong>tots</strong></span> 
     </span>
    </p>
   </div>
   <div class='ocr_carea' id='block_1_2' title="bbox 249 444 1244 842">
    <p class='ocr_par' dir='ltr' id='par_1_2' title="bbox 249 444 1244 842">
     <span class='ocr_line' id='line_1_2' title="bbox 249 444 1243 538; baseline -0.007 -17"><span class='ocrx_word' id='word_1_2' title='bbox 249 450 352 535; x_wconf 87' lang='lat' dir='ltr'><strong>ricis,</strong></span> <span class='ocrx_word' id='word_1_3' title='bbox 377 449 416 520; x_wconf 91' lang='lat' dir='ltr'><strong>in</strong></span> <span class='ocrx_word' id='word_1_4' title='bbox 437 446 599 518; x_wconf 86' lang='lat' dir='ltr'><strong>locorum</strong></span> <span class='ocrx_word' id='word_1_5' title='bbox 621 444 821 518; x_wconf 88' lang='lat' dir='ltr'><strong>intervallis</strong></span> <span class='ocrx_word' id='word_1_6' title='bbox 837 446 1086 538; x_wconf 87' lang='lat' dir='ltr'><strong>computandis</strong></span> <span class='ocrx_word' id='word_1_7' title='bbox 1103 469 1144 516; x_wconf 83' lang='lat' dir='ltr'><strong>er</strong></span> <span class='ocrx_word' id='word_1_8' title='bbox 1160 445 1243 516; x_wconf 81' lang='lat' dir='ltr'><strong>lon-</strong></span> 
     </span>
     <span class='ocr_line' id='line_1_3' title="bbox 250 544 1243 643; baseline -0.006 -21"><span class='ocrx_word' id='word_1_9' title='bbox 250 551 412 643; x_wconf 84' lang='lat' dir='ltr'><strong>gitudine</strong></span> <span class='ocrx_word' id='word_1_10' title='bbox 429 561 464 618; x_wconf 92' lang='lat' dir='ltr'><strong>et</strong></span> <span class='ocrx_word' id='word_1_11' title='bbox 479 547 666 620; x_wconf 89' lang='lat' dir='ltr'><strong>latitudine</strong></span> <span class='ocrx_word' id='word_1_12' title='bbox 682 548 864 633; x_wconf 87' lang='lat' dir='ltr'><strong>locorum,</strong></span> <span class='ocrx_word' id='word_1_13' title='bbox 890 563 924 618; x_wconf 92' lang='lat' dir='ltr'><strong>et</strong></span> <span class='ocrx_word' id='word_1_14' title='bbox 940 549 978 618; x_wconf 90' lang='lat' dir='ltr'><strong>iu</strong></span> <span class='ocrx_word' id='word_1_15' title='bbox 993 547 1156 620; x_wconf 88' lang='lat' dir='ltr'><strong>doctrina</strong></span> <span class='ocrx_word' id='word_1_16' title='bbox 1172 544 1243 618; x_wconf 80' lang='lat' dir='ltr'><strong>Ec-</strong></span> 
     </span>
     <span class='ocr_line' id='line_1_4' title="bbox 251 647 1244 740; baseline -0.007 -14"><span class='ocrx_word' id='word_1_17' title='bbox 251 653 388 726; x_wconf 83' lang='lat' dir='ltr'><strong>clesiae.</strong></span> <span class='ocrx_word' id='word_1_18' title='bbox 444 647 583 722; x_wconf 88' lang='lat' dir='ltr'><strong>Harum</strong></span> <span class='ocrx_word' id='word_1_19' title='bbox 613 651 857 722; x_wconf 76' lang='lat' dir='ltr'><strong>doctrinarum</strong></span> <span class='ocrx_word' id='word_1_20' title='bbox 887 651 1042 740; x_wconf 72' lang='lat' dir='ltr'><strong>cognitio</strong></span> <span class='ocrx_word' id='word_1_21' title='bbox 1068 649 1167 720; x_wconf 89' lang='lat' dir='ltr'><strong>utilis</strong></span> <span class='ocrx_word' id='word_1_22' title='bbox 1192 661 1244 719; x_wconf 88' lang='lat' dir='ltr'><strong>est</strong></span> 
     </span>
     <span class='ocr_line' id='line_1_5' title="bbox 251 748 1243 842; baseline -0.008 -16"><span class='ocrx_word' id='word_1_23' title='bbox 251 755 423 826; x_wconf 89' lang='lat' dir='ltr'><strong>omnibus</strong></span> <span class='ocrx_word' id='word_1_24' title='bbox 443 751 683 842; x_wconf 69' lang='lat' dir='ltr'><strong>temporibus,</strong></span> <span class='ocrx_word' id='word_1_25' title='bbox 713 751 788 820; x_wconf 88' lang='lat' dir='ltr'><strong>sive</strong></span> <span class='ocrx_word' id='word_1_26' title='bbox 808 752 938 840; x_wconf 90' lang='lat' dir='ltr'><strong>gradus</strong></span> <span class='ocrx_word' id='word_1_27' title='bbox 959 754 1145 836; x_wconf 77' lang='lat' dir='ltr'><strong>accedant,</strong></span> <span class='ocrx_word' id='word_1_28' title='bbox 1168 748 1243 820; x_wconf 89' lang='lat' dir='ltr'><strong>sive</strong></span> 
     </span>
    </p>
   </div>
   <div class='ocr_carea' id='block_1_3' title="bbox 127 847 1242 928">
    <p class='ocr_par' dir='ltr' id='par_1_3' title="bbox 127 847 1242 928">
     <span class='ocr_line' id='line_1_6' title="bbox 127 847 1242 928; baseline -0.006 -1"><span class='ocrx_word' id='word_1_29' title='bbox 127 905 131 912; x_wconf 90' lang='lat'>-</span> <span class='ocrx_word' id='word_1_30' title='bbox 243 879 327 928; x_wconf 79' lang='lat' dir='ltr'><strong>‚non</strong></span> <span class='ocrx_word' id='word_1_31' title='bbox 349 854 526 928; x_wconf 80' lang='lat' dir='ltr'><strong>accedant.</strong></span> <span class='ocrx_word' id='word_1_32' title='bbox 576 847 625 924; x_wconf 87' lang='lat' dir='ltr'><strong>Et</strong></span> <span class='ocrx_word' id='word_1_33' title='bbox 646 866 766 922; x_wconf 90' lang='lat' dir='ltr'><strong>tamen</strong></span> <span class='ocrx_word' id='word_1_34' title='bbox 789 853 1049 924; x_wconf 79' lang='lat' dir='ltr'><strong>cura-discendi</strong></span> <span class='ocrx_word' id='word_1_35' title='bbox 1066 852 1189 923; x_wconf 88' lang='lat' dir='ltr'><strong>crescit</strong></span> <span class='ocrx_word' id='word_1_36' title='bbox 1204 850 1242 920; x_wconf 91' lang='lat' dir='ltr'><strong>in</strong></span> 
     </span>
    </p>
   </div>
   <div class='ocr_carea' id='block_1_4' title="bbox 249 951 1245 2566">
    <p class='ocr_par' dir='ltr' id='par_1_4' title="bbox 249 951 1244 1552">
     <span class='ocr_line' id='line_1_7' title="bbox 249 951 1244 1048; baseline -0.006 -22"><span class='ocrx_word' id='word_1_37' title='bbox 249 951 325 1041; x_wconf 88' lang='lat' dir='ltr'><strong>his,</strong></span> <span class='ocrx_word' id='word_1_38' title='bbox 349 955 413 1048; x_wconf 88' lang='lat' dir='ltr'><strong>qui</strong></span> <span class='ocrx_word' id='word_1_39' title='bbox 436 955 553 1024; x_wconf 90' lang='lat' dir='ltr'><strong>sciunt</strong></span> <span class='ocrx_word' id='word_1_40' title='bbox 575 971 614 1024; x_wconf 79' lang='lat' dir='ltr'><strong>se¹</strong></span> <span class='ocrx_word' id='word_1_41' title='bbox 628 953 759 1026; x_wconf 88' lang='lat' dir='ltr'><strong>iudicia</strong></span> <span class='ocrx_word' id='word_1_42' title='bbox 778 967 1045 1048; x_wconf 89' lang='lat' dir='ltr'><strong>praeceptorum</strong></span> <span class='ocrx_word' id='word_1_43' title='bbox 1063 955 1244 1026; x_wconf 91' lang='lat' dir='ltr'><strong>subituros</strong></span> 
     </span>
     <span class='ocr_line' id='line_1_8' title="bbox 250 1056 1243 1150; baseline -0.004 -22"><span class='ocrx_word' id='word_1_44' title='bbox 250 1080 340 1140; x_wconf 86' lang='lat' dir='ltr'><strong>esse,</strong></span> <span class='ocrx_word' id='word_1_45' title='bbox 365 1069 400 1126; x_wconf 90' lang='lat' dir='ltr'><strong>ct</strong></span> <span class='ocrx_word' id='word_1_46' title='bbox 420 1065 538 1126; x_wconf 86' lang='lat' dir='ltr'><strong>secum</strong></span> <span class='ocrx_word' id='word_1_47' title='bbox 560 1057 627 1148; x_wconf 91' lang='lat' dir='ltr'><strong>ipsi</strong></span> <span class='ocrx_word' id='word_1_48' title='bbox 642 1056 877 1139; x_wconf 84' lang='lat' dir='ltr'><strong>meditantur,</strong></span> <span class='ocrx_word' id='word_1_49' title='bbox 899 1059 1080 1150; x_wconf 92' lang='lat' dir='ltr'><strong>quomodo</strong></span> <span class='ocrx_word' id='word_1_50' title='bbox 1094 1080 1133 1124; x_wconf 90' lang='lat' dir='ltr'><strong>ca</strong></span> <span class='ocrx_word' id='word_1_51' title='bbox 1151 1079 1243 1148; x_wconf 85' lang='lat' dir='ltr'><strong>quae</strong></span> 
     </span>
     <span class='ocr_line' id='line_1_9' title="bbox 250 1153 1243 1249; baseline -0.004 -19"><span class='ocrx_word' id='word_1_52' title='bbox 250 1159 443 1230; x_wconf 90' lang='lat' dir='ltr'><strong>audierunt</strong></span> <span class='ocrx_word' id='word_1_53' title='bbox 465 1158 674 1249; x_wconf 79' lang='lat' dir='ltr'><strong>explicaturi</strong></span> <span class='ocrx_word' id='word_1_54' title='bbox 695 1158 779 1230; x_wconf 89' lang='lat' dir='ltr'><strong>sint.</strong></span> <span class='ocrx_word' id='word_1_55' title='bbox 836 1153 903 1228; x_wconf 86' lang='lat' dir='ltr'><strong>Est</strong></span> <span class='ocrx_word' id='word_1_56' title='bbox 925 1158 1031 1228; x_wconf 89' lang='lat' dir='ltr'><strong>etiarn</strong></span> <span class='ocrx_word' id='word_1_57' title='bbox 1055 1154 1243 1228; x_wconf 90' lang='lat' dir='ltr'><strong>honestum</strong></span> 
     </span>
     <span class='ocr_line' id='line_1_10' title="bbox 252 1255 1244 1332; baseline -0.002 -2"><span class='ocrx_word' id='word_1_58' title='bbox 252 1255 384 1330; x_wconf 90' lang='lat' dir='ltr'><strong>habere</strong></span> <span class='ocrx_word' id='word_1_59' title='bbox 410 1261 589 1330; x_wconf 91' lang='lat' dir='ltr'><strong>bonorum</strong></span> <span class='ocrx_word' id='word_1_60' title='bbox 617 1273 650 1330; x_wconf 91' lang='lat' dir='ltr'><strong>et</strong></span> <span class='ocrx_word' id='word_1_61' title='bbox 682 1261 868 1330; x_wconf 92' lang='lat' dir='ltr'><strong>doctorum</strong></span> <span class='ocrx_word' id='word_1_62' title='bbox 897 1260 1055 1332; x_wconf 86' lang='lat' dir='ltr'><strong>virorum</strong></span> <span class='ocrx_word' id='word_1_63' title='bbox 1084 1259 1244 1330; x_wconf 90' lang='lat' dir='ltr'><strong>testimo-</strong></span> 
     </span>
     <span class='ocr_line' id='line_1_11' title="bbox 251 1357 1243 1454; baseline -0.002 -24"><span class='ocrx_word' id='word_1_64' title='bbox 251 1361 364 1434; x_wconf 83' lang='lat' dir='ltr'><strong>nium.</strong></span> <span class='ocrx_word' id='word_1_65' title='bbox 416 1357 465 1430; x_wconf 86' lang='lat' dir='ltr'><strong>Et</strong></span> <span class='ocrx_word' id='word_1_66' title='bbox 487 1361 616 1450; x_wconf 88' lang='lat' dir='ltr'><strong>gradus</strong></span> <span class='ocrx_word' id='word_1_67' title='bbox 638 1361 913 1432; x_wconf 87' lang='lat' dir='ltr'><strong>familiaritatem</strong></span> <span class='ocrx_word' id='word_1_68' title='bbox 934 1385 1015 1432; x_wconf 90' lang='lat' dir='ltr'><strong>cum</strong></span> <span class='ocrx_word' id='word_1_69' title='bbox 1040 1373 1243 1454; x_wconf 87' lang='lat' dir='ltr'><strong>praecepto·</strong></span> 
     </span>
     <span class='ocr_line' id='line_1_12' title="bbox 252 1463 612 1552; baseline 0 -20"><span class='ocrx_word' id='word_1_70' title='bbox 252 1463 352 1534; x_wconf 91' lang='lat' dir='ltr'><strong>ribus</strong></span> <span class='ocrx_word' id='word_1_71' title='bbox 369 1463 433 1534; x_wconf 91' lang='lat' dir='ltr'><strong>alit</strong></span> <span class='ocrx_word' id='word_1_72' title='bbox 449 1474 485 1530; x_wconf 91' lang='lat' dir='ltr'><strong>et</strong></span> <span class='ocrx_word' id='word_1_73' title='bbox 499 1477 612 1552; x_wconf 90' lang='lat' dir='ltr'><strong>auget.</strong></span> 
     </span>
    </p>

    <p class='ocr_par' dir='ltr' id='par_1_5' title="bbox 251 1558 1245 2566">
     <span class='ocr_line' id='line_1_13' title="bbox 354 1558 1244 1654; baseline -0.007 -18"><span class='ocrx_word' id='word_1_74' title='bbox 354 1562 439 1636; x_wconf 89' lang='lat' dir='ltr'><strong>Sint</strong></span> <span class='ocrx_word' id='word_1_75' title='bbox 456 1577 572 1634; x_wconf 91' lang='lat' dir='ltr'><strong>autem</strong></span> <span class='ocrx_word' id='word_1_76' title='bbox 588 1561 780 1653; x_wconf 86' lang='lat' dir='ltr'><strong>inculpati,</strong></span> <span class='ocrx_word' id='word_1_77' title='bbox 807 1558 964 1648; x_wconf 90' lang='lat' dir='ltr'><strong>honesti,</strong></span> <span class='ocrx_word' id='word_1_78' title='bbox 988 1563 1129 1654; x_wconf 92' lang='lat' dir='ltr'><strong>probati</strong></span> <span class='ocrx_word' id='word_1_79' title='bbox 1145 1563 1244 1654; x_wconf 88' lang='lat' dir='ltr'><strong>gravi</strong></span> 
     </span>
     <span class='ocr_line' id='line_1_14' title="bbox 251 1663 1244 1760; baseline -0.004 -24"><span class='ocrx_word' id='word_1_80' title='bbox 251 1663 454 1760; x_wconf 83' lang='lat' dir='ltr'><strong>testimonio</strong></span> <span class='ocrx_word' id='word_1_81' title='bbox 473 1687 587 1734; x_wconf 91' lang='lat' dir='ltr'><strong>mores</strong></span> <span class='ocrx_word' id='word_1_82' title='bbox 602 1689 724 1734; x_wconf 87' lang='lat' dir='ltr'><strong>eorum</strong></span> <span class='ocrx_word' id='word_1_83' title='bbox 742 1665 804 1756; x_wconf 91' lang='lat' dir='ltr'><strong>qui</strong></span> <span class='ocrx_word' id='word_1_84' title='bbox 820 1666 864 1734; x_wconf 89' lang='lat' dir='ltr'><strong>ad</strong></span> <span class='ocrx_word' id='word_1_85' title='bbox 881 1666 1030 1754; x_wconf 89' lang='lat' dir='ltr'><strong>gradum</strong></span> <span class='ocrx_word' id='word_1_86' title='bbox 1047 1666 1244 1736; x_wconf 87' lang='lat' dir='ltr'><strong>admittun-</strong></span> 
     </span>
     <span class='ocr_line' id='line_1_15' title="bbox 252 1766 1239 1856; baseline -0.005 -18"><span class='ocrx_word' id='word_1_87' title='bbox 252 1780 331 1851; x_wconf 88' lang='lat' dir='ltr'><strong>tur,</strong></span> <span class='ocrx_word' id='word_1_88' title='bbox 364 1791 430 1836; x_wconf 90' lang='lat' dir='ltr'><strong>ncc</strong></span> <span class='ocrx_word' id='word_1_89' title='bbox 451 1767 685 1838; x_wconf 87' lang='lat' dir='ltr'><strong>admittantur</strong></span> <span class='ocrx_word' id='word_1_90' title='bbox 707 1766 938 1836; x_wconf 89' lang='lat' dir='ltr'><strong>contaminati</strong></span> <span class='ocrx_word' id='word_1_91' title='bbox 962 1767 1079 1856; x_wconf 88' lang='lat' dir='ltr'><strong>pravis</strong></span> <span class='ocrx_word' id='word_1_92' title='bbox 1103 1766 1239 1855; x_wconf 89' lang='lat' dir='ltr'><strong>opinio-</strong></span> 
     </span>
     <span class='ocr_line' id='line_1_16' title="bbox 252 1863 1242 1960; baseline 0.002 -24"><span class='ocrx_word' id='word_1_93' title='bbox 252 1867 361 1938; x_wconf 87' lang='lat' dir='ltr'><strong>nibus</strong></span> <span class='ocrx_word' id='word_1_94' title='bbox 383 1869 427 1938; x_wconf 92' lang='lat' dir='ltr'><strong>de</strong></span> <span class='ocrx_word' id='word_1_95' title='bbox 451 1868 614 1938; x_wconf 88' lang='lat' dir='ltr'><strong>doctrina</strong></span> <span class='ocrx_word' id='word_1_96' title='bbox 633 1863 831 1952; x_wconf 83' lang='lat' dir='ltr'><strong>Ecclesiae,</strong></span> <span class='ocrx_word' id='word_1_97' title='bbox 853 1868 973 1936; x_wconf 90' lang='lat' dir='ltr'><strong>autin</strong></span> <span class='ocrx_word' id='word_1_98' title='bbox 995 1891 1149 1960; x_wconf 93' lang='lat' dir='ltr'><strong>quorum</strong></span> <span class='ocrx_word' id='word_1_99' title='bbox 1167 1893 1242 1938; x_wconf 89' lang='lat' dir='ltr'><strong>mo—</strong></span> 
     </span>
     <span class='ocr_line' id='line_1_17' title="bbox 252 1963 1244 2063; baseline -0.002 -23"><span class='ocrx_word' id='word_1_100' title='bbox 252 1969 353 2040; x_wconf 91' lang='lat' dir='ltr'><strong>ribus</strong></span> <span class='ocrx_word' id='word_1_101' title='bbox 366 1971 485 2063; x_wconf 89' lang='lat' dir='ltr'><strong>aliqua</strong></span> <span class='ocrx_word' id='word_1_102' title='bbox 500 1963 624 2040; x_wconf 86' lang='lat' dir='ltr'><strong>haeret</strong></span> <span class='ocrx_word' id='word_1_103' title='bbox 639 1969 835 2060; x_wconf 89' lang='lat' dir='ltr'><strong>turpitudo.</strong></span> <span class='ocrx_word' id='word_1_104' title='bbox 869 1967 909 2039; x_wconf 86' lang='lat' dir='ltr'><strong>si</strong></span> <span class='ocrx_word' id='word_1_105' title='bbox 925 1967 1004 2061; x_wconf 86' lang='lat' dir='ltr'><strong>quis</strong></span> <span class='ocrx_word' id='word_1_106' title='bbox 1020 1992 1061 2037; x_wconf 86' lang='lat' dir='ltr'><strong>ex</strong></span> <span class='ocrx_word' id='word_1_107' title='bbox 1076 1969 1143 2038; x_wconf 89' lang='lat' dir='ltr'><strong>alia</strong></span> <span class='ocrx_word' id='word_1_108' title='bbox 1152 1965 1244 2039; x_wconf 86' lang='lat' dir='ltr'><strong>Aca-</strong></span> 
     </span>
     <span class='ocr_line' id='line_1_18' title="bbox 253 2069 1243 2162; baseline -0.005 -20"><span class='ocrx_word' id='word_1_109' title='bbox 253 2071 368 2142; x_wconf 90' lang='lat' dir='ltr'><strong>demia</strong></span> <span class='ocrx_word' id='word_1_110' title='bbox 389 2071 536 2140; x_wconf 89' lang='lat' dir='ltr'><strong>veniens</strong></span> <span class='ocrx_word' id='word_1_111' title='bbox 553 2085 650 2162; x_wconf 76' lang='lat' dir='ltr'><strong>petet</strong></span> <span class='ocrx_word' id='word_1_112' title='bbox 663 2071 832 2161; x_wconf 91' lang='lat' dir='ltr'><strong>gradum,</strong></span> <span class='ocrx_word' id='word_1_113' title='bbox 856 2093 930 2138; x_wconf 91' lang='lat' dir='ltr'><strong>non</strong></span> <span class='ocrx_word' id='word_1_114' title='bbox 949 2069 1157 2142; x_wconf 89' lang='lat' dir='ltr'><strong>admittatur</strong></span> <span class='ocrx_word' id='word_1_115' title='bbox 1175 2071 1243 2139; x_wconf 87' lang='lat' dir='ltr'><strong>nisi</strong></span> 
     </span>
     <span class='ocr_line' id='line_1_19' title="bbox 254 2169 1245 2264; baseline -0.003 -22"><span class='ocrx_word' id='word_1_116' title='bbox 254 2185 389 2243; x_wconf 92' lang='lat' dir='ltr'><strong>certum</strong></span> <span class='ocrx_word' id='word_1_117' title='bbox 417 2173 660 2244; x_wconf 90' lang='lat' dir='ltr'><strong>testimouium</strong></span> <span class='ocrx_word' id='word_1_118' title='bbox 684 2169 835 2256; x_wconf 81' lang='lat' dir='ltr'><strong>adierat,</strong></span> <span class='ocrx_word' id='word_1_119' title='bbox 865 2169 962 2264; x_wconf 91' lang='lat' dir='ltr'><strong>quod</strong></span> <span class='ocrx_word' id='word_1_120' title='bbox 985 2170 1116 2241; x_wconf 90' lang='lat' dir='ltr'><strong>diserte</strong></span> <span class='ocrx_word' id='word_1_121' title='bbox 1138 2172 1245 2242; x_wconf 90' lang='lat' dir='ltr'><strong>adlir-</strong></span> 
     </span>
     <span class='ocr_line' id='line_1_20' title="bbox 253 2261 1244 2364; baseline -0.003 -21"><span class='ocrx_word' id='word_1_122' title='bbox 253 2287 327 2344; x_wconf 91' lang='lat' dir='ltr'><strong>met</strong></span> <span class='ocrx_word' id='word_1_123' title='bbox 350 2261 466 2344; x_wconf 77' lang='lat' dir='ltr'><strong>mores</strong></span> <span class='ocrx_word' id='word_1_124' title='bbox 488 2274 565 2342; x_wconf 89' lang='lat' dir='ltr'><strong>eins</strong></span> <span class='ocrx_word' id='word_1_125' title='bbox 581 2295 655 2342; x_wconf 91' lang='lat' dir='ltr'><strong>esse</strong></span> <span class='ocrx_word' id='word_1_126' title='bbox 667 2273 866 2364; x_wconf 83' lang='lat' dir='ltr'><strong>inculpatos</strong></span> <span class='ocrx_word' id='word_1_127' title='bbox 883 2285 917 2340; x_wconf 94' lang='lat' dir='ltr'><strong>et</strong></span> <span class='ocrx_word' id='word_1_128' title='bbox 932 2265 1111 2346; x_wconf 90' lang='lat' dir='ltr'><strong>honestos.</strong></span> <span class='ocrx_word' id='word_1_129' title='bbox 1161 2271 1244 2342; x_wconf 90' lang='lat' dir='ltr'><strong>Non</strong></span> 
     </span>
     <span class='ocr_line' id='line_1_21' title="bbox 253 2375 1244 2464; baseline -0.001 -20"><span class='ocrx_word' id='word_1_130' title='bbox 253 2375 439 2445; x_wconf 86' lang='lat' dir='ltr'><strong>callentem</strong></span> <span class='ocrx_word' id='word_1_131' title='bbox 468 2375 753 2464; x_wconf 87' lang='lat' dir='ltr'><strong>grammaticam,</strong></span> <span class='ocrx_word' id='word_1_132' title='bbox 794 2386 828 2444; x_wconf 91' lang='lat' dir='ltr'><strong>et</strong></span> <span class='ocrx_word' id='word_1_133' title='bbox 861 2397 1034 2446; x_wconf 80' lang='lat' dir='ltr'><strong>summam</strong></span> <span class='ocrx_word' id='word_1_134' title='bbox 1064 2375 1244 2446; x_wconf 87' lang='lat' dir='ltr'><strong>doctrinae</strong></span> 
     </span>
     <span class='ocr_line' id='line_1_22' title="bbox 252 2470 1185 2566; baseline 0.004 -21"><span class='ocrx_word' id='word_1_135' title='bbox 252 2471 446 2562; x_wconf 79' lang='lat' dir='ltr'><strong>Ecclesiae,</strong></span> <span class='ocrx_word' id='word_1_136' title='bbox 471 2477 513 2546; x_wconf 92' lang='lat' dir='ltr'><strong>ad</strong></span> <span class='ocrx_word' id='word_1_137' title='bbox 530 2475 671 2546; x_wconf 91' lang='lat' dir='ltr'><strong>nullum</strong></span> <span class='ocrx_word' id='word_1_138' title='bbox 689 2477 837 2566; x_wconf 91' lang='lat' dir='ltr'><strong>gradum</strong></span> <span class='ocrx_word' id='word_1_139' title='bbox 852 2470 993 2550; x_wconf 76' lang='lat' dir='ltr'><strong>admitti</strong></span> <span class='ocrx_word' id='word_1_140' title='bbox 1009 2475 1185 2549; x_wconf 90' lang='lat' dir='ltr'><strong>volumus.</strong></span> 
     </span>
    </p>
   </div>
   <div class='ocr_carea' id='block_1_5' title="bbox 690 2651 808 2718">
    <p class='ocr_par' dir='ltr' id='par_1_6' title="bbox 690 2651 808 2718">
     <span class='ocr_line' id='line_1_23' title="bbox 690 2651 808 2718; baseline 0.017 -2"><span class='ocrx_word' id='word_1_141' title='bbox 690 2651 808 2718; x_wconf 80' lang='lat' dir='ltr'><strong>Nona·</strong></span> 
     </span>
    </p>
   </div>
   <div class='ocr_carea' id='block_1_6' title="bbox 243 2777 1244 4395">
    <p class='ocr_par' dir='ltr' id='par_1_7' title="bbox 243 2777 1244 4395">
     <span class='ocr_line' id='line_1_24' title="bbox 354 2777 1244 2876; baseline -0.001 -26"><span class='ocrx_word' id='word_1_142' title='bbox 354 2779 440 2854; x_wconf 86' lang='lat' dir='ltr'><strong>Vita</strong></span> <span class='ocrx_word' id='word_1_143' title='bbox 469 2777 622 2854; x_wconf 89' lang='lat' dir='ltr'><strong>hnmana</strong></span> <span class='ocrx_word' id='word_1_144' title='bbox 651 2806 727 2852; x_wconf 92' lang='lat' dir='ltr'><strong>non</strong></span> <span class='ocrx_word' id='word_1_145' title='bbox 750 2795 865 2876; x_wconf 91' lang='lat' dir='ltr'><strong>potest</strong></span> <span class='ocrx_word' id='word_1_146' title='bbox 884 2805 1002 2852; x_wconf 88' lang='lat' dir='ltr'><strong>carere</strong></span> <span class='ocrx_word' id='word_1_147' title='bbox 1024 2796 1098 2854; x_wconf 90' lang='lat' dir='ltr'><strong>arte</strong></span> <span class='ocrx_word' id='word_1_148' title='bbox 1118 2803 1244 2850; x_wconf 89' lang='lat' dir='ltr'><strong>nume-</strong></span> 
     </span>
     <span class='ocr_line' id='line_1_25' title="bbox 252 2879 1242 2959; baseline -0.005 -6"><span class='ocrx_word' id='word_1_149' title='bbox 252 2883 357 2954; x_wconf 91' lang='lat' dir='ltr'><strong>randi</strong></span> <span class='ocrx_word' id='word_1_150' title='bbox 386 2897 428 2956; x_wconf 89' lang='lat' dir='ltr'><strong>ut</strong></span> <span class='ocrx_word' id='word_1_151' title='bbox 456 2886 681 2959; x_wconf 78' lang='lat' dir='ltr'><strong>manifestum</strong></span> <span class='ocrx_word' id='word_1_152' title='bbox 712 2897 773 2954; x_wconf 91' lang='lat' dir='ltr'><strong>est.</strong></span> <span class='ocrx_word' id='word_1_153' title='bbox 823 2879 872 2954; x_wconf 84' lang='lat' dir='ltr'><strong>Et</strong></span> <span class='ocrx_word' id='word_1_154' title='bbox 894 2907 933 2953; x_wconf 90' lang='lat' dir='ltr'><strong>ea</strong></span> <span class='ocrx_word' id='word_1_155' title='bbox 955 2908 1011 2954; x_wconf 88' lang='lat' dir='ltr'><strong>ars</strong></span> <span class='ocrx_word' id='word_1_156' title='bbox 1036 2907 1117 2953; x_wconf 87' lang='lat' dir='ltr'><strong>vere</strong></span> <span class='ocrx_word' id='word_1_157' title='bbox 1137 2883 1242 2952; x_wconf 86' lang='lat' dir='ltr'><strong>ianua</strong></span> 
     </span>
     <span class='ocr_line' id='line_1_26' title="bbox 252 2986 1242 3080; baseline -0.004 -25"><span class='ocrx_word' id='word_1_158' title='bbox 252 2999 305 3056; x_wconf 89' lang='lat' dir='ltr'><strong>est</strong></span> <span class='ocrx_word' id='word_1_159' title='bbox 334 3009 415 3063; x_wconf 88' lang='lat' dir='ltr'><strong>curn</strong></span> <span class='ocrx_word' id='word_1_160' title='bbox 445 2986 594 3057; x_wconf 91' lang='lat' dir='ltr'><strong>aliarum</strong></span> <span class='ocrx_word' id='word_1_161' title='bbox 623 2987 847 3080; x_wconf 89' lang='lat' dir='ltr'><strong>quarundam</strong></span> <span class='ocrx_word' id='word_1_162' title='bbox 878 2986 1028 3069; x_wconf 88' lang='lat' dir='ltr'><strong>artium,</strong></span> <span class='ocrx_word' id='word_1_163' title='bbox 1061 2997 1136 3054; x_wconf 94' lang='lat' dir='ltr'><strong>tum</strong></span> <span class='ocrx_word' id='word_1_164' title='bbox 1159 3007 1242 3052; x_wconf 92' lang='lat' dir='ltr'><strong>vero</strong></span> 
     </span>
     <span class='ocr_line' id='line_1_27' title="bbox 253 3083 1243 3179; baseline -0.002 -23"><span class='ocrx_word' id='word_1_165' title='bbox 253 3088 435 3158; x_wconf 89' lang='lat' dir='ltr'><strong>doctrinae</strong></span> <span class='ocrx_word' id='word_1_166' title='bbox 457 3083 500 3158; x_wconf 87' lang='lat' dir='ltr'><strong>de</strong></span> <span class='ocrx_word' id='word_1_167' title='bbox 526 3089 681 3158; x_wconf 87' lang='lat' dir='ltr'><strong>motibus</strong></span> <span class='ocrx_word' id='word_1_168' title='bbox 702 3087 923 3160; x_wconf 90' lang='lat' dir='ltr'><strong>coelestibus.</strong></span> <span class='ocrx_word' id='word_1_169' title='bbox 978 3085 1020 3154; x_wconf 93' lang='lat' dir='ltr'><strong>ln</strong></span> <span class='ocrx_word' id='word_1_170' title='bbox 1039 3109 1144 3179; x_wconf 89' lang='lat' dir='ltr'><strong>quam</strong></span> <span class='ocrx_word' id='word_1_171' title='bbox 1162 3109 1243 3154; x_wconf 91' lang='lat' dir='ltr'><strong>sen-</strong></span> 
     </span>
     <span class='ocr_line' id='line_1_28' title="bbox 254 3186 1240 3279; baseline -0.005 -22"><span class='ocrx_word' id='word_1_172' title='bbox 254 3189 541 3260; x_wconf 77' lang='lat' dir='ltr'><strong>tentiam&#39;multa</strong></span> <span class='ocrx_word' id='word_1_173' title='bbox 569 3191 738 3260; x_wconf 89' lang='lat' dir='ltr'><strong>dicuntur</strong></span> <span class='ocrx_word' id='word_1_174' title='bbox 764 3213 783 3257; x_wconf 90' lang='lat' dir='ltr'><strong>a</strong></span> <span class='ocrx_word' id='word_1_175' title='bbox 808 3186 976 3270; x_wconf 92' lang='lat' dir='ltr'><strong>Platone,</strong></span> <span class='ocrx_word' id='word_1_176' title='bbox 1008 3189 1108 3258; x_wconf 89' lang='lat' dir='ltr'><strong>euius</strong></span> <span class='ocrx_word' id='word_1_177' title='bbox 1132 3211 1240 3279; x_wconf 83' lang='lat' dir='ltr'><strong>pauca</strong></span> 
     </span>
     <span class='ocr_line' id='line_1_29' title="bbox 253 3283 1241 3373; baseline -0.002 -17"><span class='ocrx_word' id='word_1_178' title='bbox 253 3289 362 3358; x_wconf 91' lang='lat' dir='ltr'><strong>verba</strong></span> <span class='ocrx_word' id='word_1_179' title='bbox 383 3291 630 3373; x_wconf 88' lang='lat' dir='ltr'><strong>recitabimus,</strong></span> <span class='ocrx_word' id='word_1_180' title='bbox 657 3291 721 3358; x_wconf 90' lang='lat' dir='ltr'><strong>etsi</strong></span> <span class='ocrx_word' id='word_1_181' title='bbox 745 3295 783 3356; x_wconf 86' lang='lat' dir='ltr'><strong>in</strong></span> <span class='ocrx_word' id='word_1_182' title='bbox 807 3311 846 3358; x_wconf 91' lang='lat' dir='ltr'><strong>re</strong></span> <span class='ocrx_word' id='word_1_183' title='bbox 863 3303 934 3358; x_wconf 89' lang='lat' dir='ltr'><strong>tam</strong></span> <span class='ocrx_word' id='word_1_184' title='bbox 949 3289 1134 3358; x_wconf 78' lang='lat' dir='ltr'><strong>manifesta</strong></span> <span class='ocrx_word' id='word_1_185' title='bbox 1148 3283 1241 3356; x_wconf 90' lang='lat' dir='ltr'><strong>nihil</strong></span> 
     </span>
     <span class='ocr_line' id='line_1_30' title="bbox 254 3387 1242 3482; baseline -0.003 -23"><span class='ocrx_word' id='word_1_186' title='bbox 254 3414 344 3482; x_wconf 92' lang='lat' dir='ltr'><strong>opus</strong></span> <span class='ocrx_word' id='word_1_187' title='bbox 373 3402 424 3459; x_wconf 88' lang='lat' dir='ltr'><strong>est</strong></span> <span class='ocrx_word' id='word_1_188' title='bbox 451 3391 667 3463; x_wconf 91' lang='lat' dir='ltr'><strong>testimonio.</strong></span> <span class='ocrx_word' id='word_1_189' title='bbox 726 3387 796 3460; x_wconf 90' lang='lat' dir='ltr'><strong>Sed</strong></span> <span class='ocrx_word' id='word_1_190' title='bbox 817 3401 936 3458; x_wconf 91' lang='lat' dir='ltr'><strong>tamen</strong></span> <span class='ocrx_word' id='word_1_191' title='bbox 959 3390 1122 3482; x_wconf 91' lang='lat' dir='ltr'><strong>prodest,</strong></span> <span class='ocrx_word' id='word_1_192' title='bbox 1156 3390 1242 3458; x_wconf 93' lang='lat' dir='ltr'><strong>ado-</strong></span> 
     </span>
     <span class='ocr_line' id='line_1_31' title="bbox 253 3487 1241 3581; baseline 0 -21"><span class='ocrx_word' id='word_1_193' title='bbox 253 3491 420 3561; x_wconf 89' lang='lat' dir='ltr'><strong>lescentes</strong></span> <span class='ocrx_word' id='word_1_194' title='bbox 442 3515 651 3581; x_wconf 89' lang='lat' dir='ltr'><strong>magnorum</strong></span> <span class='ocrx_word' id='word_1_195' title='bbox 668 3487 855 3562; x_wconf 89' lang='lat' dir='ltr'><strong>hominum</strong></span> <span class='ocrx_word' id='word_1_196' title='bbox 871 3491 974 3560; x_wconf 91' lang='lat' dir='ltr'><strong>dictis</strong></span> <span class='ocrx_word' id='word_1_197' title='bbox 993 3505 1027 3562; x_wconf 93' lang='lat' dir='ltr'><strong>et</strong></span> <span class='ocrx_word' id='word_1_198' title='bbox 1042 3489 1241 3570; x_wconf 89' lang='lat' dir='ltr'><strong>autoritate,</strong></span> 
     </span>
     <span class='ocr_line' id='line_1_32' title="bbox 253 3586 1241 3666; baseline 0 -4"><span class='ocrx_word' id='word_1_199' title='bbox 253 3595 297 3662; x_wconf 91' lang='lat' dir='ltr'><strong>ad</strong></span> <span class='ocrx_word' id='word_1_200' title='bbox 326 3588 394 3665; x_wconf 90' lang='lat' dir='ltr'><strong>hoc</strong></span> <span class='ocrx_word' id='word_1_201' title='bbox 422 3595 579 3664; x_wconf 90' lang='lat' dir='ltr'><strong>studium</strong></span> <span class='ocrx_word' id='word_1_202' title='bbox 610 3595 812 3665; x_wconf 88' lang='lat' dir='ltr'><strong>accendere.</strong></span> <span class='ocrx_word' id='word_1_203' title='bbox 862 3586 986 3666; x_wconf 79' lang='grc' dir='ltr'><em>πάντα</em></span> <span class='ocrx_word' id='word_1_204' title='bbox 1012 3587 1053 3665; x_wconf 75' lang='grc' dir='ltr'><strong>δὲ</strong></span> <span class='ocrx_word' id='word_1_205' title='bbox 1081 3595 1159 3664; x_wconf 80' lang='grc' dir='ltr'><strong>τῶν</strong></span> <span class='ocrx_word' id='word_1_206' title='bbox 1183 3615 1241 3662; x_wconf 82' lang='grc' dir='ltr'><strong>τε-</strong></span> 
     </span>
     <span class='ocr_line' id='line_1_33' title="bbox 243 3687 1242 3792; baseline -0.001 -26"><span class='ocrx_word' id='word_1_207' title='bbox 243 3697 356 3787; x_wconf 11' lang='grc' dir='ltr'><em>Νχνιὸν</em></span> <span class='ocrx_word' id='word_1_208' title='bbox 375 3687 588 3786; x_wconf 78' lang='grc' dir='ltr'><strong><em>’ἀπόλλυται</em></strong></span> <span class='ocrx_word' id='word_1_209' title='bbox 618 3693 661 3768; x_wconf 77' lang='lat' dir='ltr'><strong>cd</strong></span> <span class='ocrx_word' id='word_1_210' title='bbox 683 3687 863 3792; x_wconf 76' lang='grc' dir='ltr'><em>παράπαν</em></span> <span class='ocrx_word' id='word_1_211' title='bbox 883 3691 974 3768; x_wconf 80' lang='grc' dir='ltr'><strong><em>ὅταν</em></strong></span> <span class='ocrx_word' id='word_1_212' title='bbox 996 3689 1242 3789; x_wconf 57' lang='lat' dir='ltr'><strong>optentum</strong></span> 
     </span>
     <span class='ocr_line' id='line_1_34' title="bbox 251 3789 1240 3890; baseline 0 -24"><span class='ocrx_word' id='word_1_213' title='bbox 251 3789 308 3877; x_wconf 84' lang='grc' dir='ltr'><strong>τίς</strong></span> <span class='ocrx_word' id='word_1_214' title='bbox 325 3792 447 3890; x_wconf 76' lang='grc' dir='ltr'><strong><em>ἀνέλῃ.</em></strong></span> <span class='ocrx_word' id='word_1_215' title='bbox 500 3797 723 3868; x_wconf 87' lang='lat' dir='ltr'><strong>Tenentibus</strong></span> <span class='ocrx_word' id='word_1_216' title='bbox 737 3809 853 3866; x_wconf 91' lang='lat' dir='ltr'><strong>autem</strong></span> <span class='ocrx_word' id='word_1_217' title='bbox 868 3793 1151 3880; x_wconf 84' lang='lat' dir='ltr'><strong>Arithmeticam,</strong></span> <span class='ocrx_word' id='word_1_218' title='bbox 1178 3819 1240 3887; x_wconf 91' lang='lat' dir='ltr'><strong>pa-</strong></span> 
     </span>
     <span class='ocr_line' id='line_1_35' title="bbox 253 3897 1241 3982; baseline -0.006 -12"><span class='ocrx_word' id='word_1_219' title='bbox 253 3911 302 3971; x_wconf 92' lang='lat' dir='ltr'><strong>tet</strong></span> <span class='ocrx_word' id='word_1_220' title='bbox 324 3899 395 3968; x_wconf 90' lang='lat' dir='ltr'><strong>iam</strong></span> <span class='ocrx_word' id='word_1_221' title='bbox 419 3899 537 3969; x_wconf 89' lang='lat' dir='ltr'><strong>aditus</strong></span> <span class='ocrx_word' id='word_1_222' title='bbox 560 3901 605 3969; x_wconf 95' lang='lat' dir='ltr'><strong>ad</strong></span> <span class='ocrx_word' id='word_1_223' title='bbox 626 3914 791 3969; x_wconf 92' lang='lat' dir='ltr'><strong>motuum</strong></span> <span class='ocrx_word' id='word_1_224' title='bbox 812 3899 1015 3968; x_wconf 91' lang='lat' dir='ltr'><strong>coelestium</strong></span> <span class='ocrx_word' id='word_1_225' title='bbox 1032 3897 1241 3982; x_wconf 90' lang='lat' dir='ltr'><strong>doctrinam,</strong></span> 
     </span>
     <span class='ocr_line' id='line_1_36' title="bbox 253 3993 1238 4094; baseline -0.004 -24"><span class='ocrx_word' id='word_1_226' title='bbox 253 4015 288 4071; x_wconf 92' lang='lat' dir='ltr'><strong>et</strong></span> <span class='ocrx_word' id='word_1_227' title='bbox 308 4001 471 4094; x_wconf 90' lang='lat' dir='ltr'><strong>quamvis</strong></span> <span class='ocrx_word' id='word_1_228' title='bbox 491 4003 650 4072; x_wconf 88' lang='lat' dir='ltr'><strong>abstrusa</strong></span> <span class='ocrx_word' id='word_1_229' title='bbox 667 4000 828 4085; x_wconf 89' lang='lat' dir='ltr'><strong>videtur,</strong></span> <span class='ocrx_word' id='word_1_230' title='bbox 857 4013 971 4070; x_wconf 88' lang='lat' dir='ltr'><strong>tamen</strong></span> <span class='ocrx_word' id='word_1_231' title='bbox 987 3993 1238 4090; x_wconf 90' lang='lat' dir='ltr'><strong>comprehendi</strong></span> 
     </span>
     <span class='ocr_line' id='line_1_37' title="bbox 251 4095 1239 4194; baseline 0 -24"><span class='ocrx_word' id='word_1_232' title='bbox 251 4103 353 4171; x_wconf 86' lang='lat' dir='ltr'><strong>facile</strong></span> <span class='ocrx_word' id='word_1_233' title='bbox 376 4104 515 4192; x_wconf 87' lang='lat' dir='ltr'><strong>poterit.</strong></span> <span class='ocrx_word' id='word_1_234' title='bbox 567 4101 808 4194; x_wconf 88' lang='lat' dir='ltr'><strong>Praecipimus</strong></span> <span class='ocrx_word' id='word_1_235' title='bbox 823 4101 932 4190; x_wconf 91' lang='lat' dir='ltr'><strong>igitur</strong></span> <span class='ocrx_word' id='word_1_236' title='bbox 946 4102 1113 4170; x_wconf 86' lang='lat' dir='ltr'><strong>omnibus</strong></span> <span class='ocrx_word' id='word_1_237' title='bbox 1127 4095 1239 4171; x_wconf 87' lang='lat' dir='ltr'><strong>Scho-</strong></span> 
     </span>
     <span class='ocr_line' id='line_1_38' title="bbox 251 4200 1238 4296; baseline 0.001 -25"><span class='ocrx_word' id='word_1_238' title='bbox 251 4203 384 4274; x_wconf 87' lang='lat' dir='ltr'><strong>lasticis</strong></span> <span class='ocrx_word' id='word_1_239' title='bbox 413 4203 476 4296; x_wconf 89' lang='lat' dir='ltr'><strong>qui</strong></span> <span class='ocrx_word' id='word_1_240' title='bbox 501 4200 765 4275; x_wconf 89' lang='lat' dir='ltr'><strong>Grammaticen</strong></span> <span class='ocrx_word' id='word_1_241' title='bbox 791 4217 826 4274; x_wconf 91' lang='lat' dir='ltr'><strong>et</strong></span> <span class='ocrx_word' id='word_1_242' title='bbox 846 4201 1063 4274; x_wconf 90' lang='lat' dir='ltr'><strong>Dialecticen</strong></span> <span class='ocrx_word' id='word_1_243' title='bbox 1085 4203 1238 4287; x_wconf 91' lang='lat' dir='ltr'><strong>discunt,</strong></span> 
     </span>
     <span class='ocr_line' id='line_1_39' title="bbox 251 4299 1239 4395; baseline -0.004 -19"><span class='ocrx_word' id='word_1_244' title='bbox 251 4319 293 4376; x_wconf 91' lang='lat' dir='ltr'><strong>ut</strong></span> <span class='ocrx_word' id='word_1_245' title='bbox 305 4305 501 4395; x_wconf 77' lang='lat' dir='ltr'><strong>adiungunt</strong></span> <span class='ocrx_word' id='word_1_246' title='bbox 514 4299 798 4390; x_wconf 84' lang='lat' dir='ltr'><strong>Arithmeticam,</strong></span> <span class='ocrx_word' id='word_1_247' title='bbox 822 4300 1005 4394; x_wconf 87' lang='lat' dir='ltr'><strong>Magistris</strong></span> <span class='ocrx_word' id='word_1_248' title='bbox 1019 4305 1122 4375; x_wconf 91' lang='lat' dir='ltr'><strong>etiam</strong></span> <span class='ocrx_word' id='word_1_249' title='bbox 1136 4327 1239 4372; x_wconf 88' lang='lat' dir='ltr'><strong>man·</strong></span> 
     </span>
    </p>
   </div>
   <div class='ocr_carea' id='block_1_7' title="bbox 701 267 1834 388">
    <p class='ocr_par' dir='ltr' id='par_1_8' title="bbox 701 267 1834 388">
     <span class='ocr_line' id='line_1_40' title="bbox 701 267 1834 388; baseline 0.003 -40"><span class='ocrx_word' id='word_1_250' title='bbox 701 267 1014 364; x_wconf 75' lang='lat' dir='ltr'><strong>Aaronom</strong></span> <span class='ocrx_word' id='word_1_251' title='bbox 1062 271 1143 388; x_wconf 81' lang='lat' dir='ltr'><strong>ur</strong></span> <span class='ocrx_word' id='word_1_252' title='bbox 1190 268 1427 350; x_wconf 81' lang='lat' dir='ltr'><strong>unuvns</strong></span> <span class='ocrx_word' id='word_1_253' title='bbox 1476 268 1834 352; x_wconf 77' lang='lat' dir='ltr'><strong>sonorosus.</strong></span> 
     </span>
    </p>
   </div>
   <div class='ocr_carea' id='block_1_8' title="bbox 2154 223 2284 356">
    <p class='ocr_par' dir='ltr' id='par_1_9' title="bbox 2154 223 2284 356">
     <span class='ocr_line' id='line_1_41' title="bbox 2154 223 2284 356; baseline 0.031 -4"><span class='ocrx_word' id='word_1_254' title='bbox 2154 223 2157 228; x_wconf 27' lang='lat'>⁸</span> <span class='ocrx_word' id='word_1_255' title='bbox 2183 279 2284 356; x_wconf 83' lang='lat' dir='ltr'><strong>soto</strong></span> 
     </span>
    </p>
   </div>
   <div class='ocr_carea' id='block_1_9' title="bbox 1291 443 2285 1550">
    <p class='ocr_par' dir='ltr' id='par_1_10' title="bbox 1291 443 2285 850">
     <span class='ocr_line' id='line_1_42' title="bbox 1291 443 2285 544; baseline 0.005 -28"><span class='ocrx_word' id='word_1_256' title='bbox 1291 459 1327 516; x_wconf 88' lang='lat' dir='ltr'><strong>et</strong></span> <span class='ocrx_word' id='word_1_257' title='bbox 1353 443 1488 518; x_wconf 89' lang='lat' dir='ltr'><strong>iustum</strong></span> <span class='ocrx_word' id='word_1_258' title='bbox 1509 460 1562 518; x_wconf 89' lang='lat' dir='ltr'><strong>est</strong></span> <span class='ocrx_word' id='word_1_259' title='bbox 1584 448 1670 518; x_wconf 92' lang='lat' dir='ltr'><strong>dare</strong></span> <span class='ocrx_word' id='word_1_260' title='bbox 1692 447 1737 518; x_wconf 85' lang='lat' dir='ltr'><strong>iia</strong></span> <span class='ocrx_word' id='word_1_261' title='bbox 1759 446 1895 541; x_wconf 90' lang='lat' dir='ltr'><strong>aliquid</strong></span> <span class='ocrx_word' id='word_1_262' title='bbox 1918 448 2069 540; x_wconf 87' lang='lat' dir='ltr'><strong>praemii</strong></span> <span class='ocrx_word' id='word_1_263' title='bbox 2092 450 2155 543; x_wconf 88' lang='lat' dir='ltr'><strong>qni</strong></span> <span class='ocrx_word' id='word_1_264' title='bbox 2176 472 2285 544; x_wconf 85' lang='lat' dir='ltr'><strong>opera</strong></span> 
     </span>
     <span class='ocr_line' id='line_1_43' title="bbox 1291 544 2285 642; baseline 0.006 -26"><span class='ocrx_word' id='word_1_265' title='bbox 1291 547 1395 618; x_wconf 91' lang='lat' dir='ltr'><strong>nobis</strong></span> <span class='ocrx_word' id='word_1_266' title='bbox 1418 571 1483 618; x_wconf 92' lang='lat' dir='ltr'><strong>suo</strong></span> <span class='ocrx_word' id='word_1_267' title='bbox 1505 548 1625 642; x_wconf 88' lang='lat' dir='ltr'><strong>aliquo</strong></span> <span class='ocrx_word' id='word_1_268' title='bbox 1648 561 1791 640; x_wconf 88' lang='lat' dir='ltr'><strong>sumptu</strong></span> <span class='ocrx_word' id='word_1_269' title='bbox 1807 550 1900 618; x_wconf 81' lang='lat' dir='ltr'><strong>facta</strong></span> <span class='ocrx_word' id='word_1_270' title='bbox 1917 544 2104 637; x_wconf 81' lang='lat' dir='ltr'><strong>exhibent,</strong></span> <span class='ocrx_word' id='word_1_271' title='bbox 2129 577 2210 624; x_wconf 86' lang='lat' dir='ltr'><strong>curn</strong></span> <span class='ocrx_word' id='word_1_272' title='bbox 2227 565 2285 622; x_wconf 89' lang='lat' dir='ltr'><strong>to-</strong></span> 
     </span>
     <span class='ocr_line' id='line_1_44' title="bbox 1292 633 2284 749; baseline 0.008 -31"><span class='ocrx_word' id='word_1_273' title='bbox 1292 649 1357 718; x_wconf 85' lang='lat' dir='ltr'><strong>ties</strong></span> <span class='ocrx_word' id='word_1_274' title='bbox 1386 649 1491 720; x_wconf 84' lang='lat' dir='ltr'><strong>nobis</strong></span> <span class='ocrx_word' id='word_1_275' title='bbox 1519 650 1682 722; x_wconf 88' lang='lat' dir='ltr'><strong>doctrina</strong></span> <span class='ocrx_word' id='word_1_276' title='bbox 1713 652 1758 720; x_wconf 92' lang='lat' dir='ltr'><strong>de</strong></span> <span class='ocrx_word' id='word_1_277' title='bbox 1786 633 1926 722; x_wconf 83' lang='lat' dir='ltr'><strong>iusticia</strong></span> <span class='ocrx_word' id='word_1_278' title='bbox 1949 653 2197 740; x_wconf 85' lang='lat' dir='ltr'><strong>conciunetur,</strong></span> <span class='ocrx_word' id='word_1_279' title='bbox 2227 655 2284 749; x_wconf 75' lang='grc' dir='ltr'><strong>τῷ</strong></span> 
     </span>
     <span class='ocr_line' id='line_1_45' title="bbox 1292 743 2088 850; baseline 0.01 -30"><span class='ocrx_word' id='word_1_280' title='bbox 1292 746 1496 824; x_wconf 80' lang='grc' dir='ltr'><strong><em>ἀντιποιεῖν</em></strong></span> <span class='ocrx_word' id='word_1_281' title='bbox 1516 743 1705 850; x_wconf 80' lang='grc' dir='ltr'><strong>ἀνάλογον</strong></span> <span class='ocrx_word' id='word_1_282' title='bbox 1727 747 1907 844; x_wconf 67' lang='grc' dir='ltr'><strong><em>συμμίνει</em></strong></span> <span class='ocrx_word' id='word_1_283' title='bbox 1928 744 2088 845; x_wconf 74' lang='grc' dir='ltr'><strong><em>ἡπόλις.</em></strong></span> 
     </span>
    </p>

    <p class='ocr_par' dir='ltr' id='par_1_11' title="bbox 1292 866 2284 1550">
     <span class='ocr_line' id='line_1_46' title="bbox 1396 866 2284 963; baseline 0.003 -25"><span class='ocrx_word' id='word_1_284' title='bbox 1396 866 1491 938; x_wconf 93' lang='lat' dir='ltr'><strong>lllud</strong></span> <span class='ocrx_word' id='word_1_285' title='bbox 1514 892 1599 940; x_wconf 88' lang='lat' dir='ltr'><strong>vero</strong></span> <span class='ocrx_word' id='word_1_286' title='bbox 1620 870 1724 940; x_wconf 86' lang='lat' dir='ltr'><strong>etiam</strong></span> <span class='ocrx_word' id='word_1_287' title='bbox 1739 869 1937 960; x_wconf 87' lang='lat' dir='ltr'><strong>optandum</strong></span> <span class='ocrx_word' id='word_1_288' title='bbox 1953 883 2022 956; x_wconf 93' lang='lat' dir='ltr'><strong>est,</strong></span> <span class='ocrx_word' id='word_1_289' title='bbox 2045 885 2086 942; x_wconf 90' lang='lat' dir='ltr'><strong>ut</strong></span> <span class='ocrx_word' id='word_1_290' title='bbox 2099 868 2284 963; x_wconf 82' lang='lat' dir='ltr'><strong>Principes</strong></span> 
     </span>
     <span class='ocr_line' id='line_1_47' title="bbox 1292 966 2283 1066; baseline 0.004 -29"><span class='ocrx_word' id='word_1_291' title='bbox 1292 969 1446 1040; x_wconf 81' lang='lat' dir='ltr'><strong>invitent</strong></span> <span class='ocrx_word' id='word_1_292' title='bbox 1461 970 1630 1054; x_wconf 84' lang='lat' dir='ltr'><strong>artifices,</strong></span> <span class='ocrx_word' id='word_1_293' title='bbox 1657 984 1698 1042; x_wconf 91' lang='lat' dir='ltr'><strong>ut</strong></span> <span class='ocrx_word' id='word_1_294' title='bbox 1713 966 1971 1062; x_wconf 81' lang='lat' dir='ltr'><strong>Ephemerides</strong></span> <span class='ocrx_word' id='word_1_295' title='bbox 1985 973 2122 1066; x_wconf 83' lang='lat' dir='ltr'><strong>aliquot</strong></span> <span class='ocrx_word' id='word_1_296' title='bbox 2135 973 2283 1042; x_wconf 83' lang='lat' dir='ltr'><strong>venien-</strong></span> 
     </span>
     <span class='ocr_line' id='line_1_48' title="bbox 1293 1071 2283 1162; baseline 0.001 -21"><span class='ocrx_word' id='word_1_297' title='bbox 1293 1071 1383 1142; x_wconf 92' lang='lat' dir='ltr'><strong>tium</strong></span> <span class='ocrx_word' id='word_1_298' title='bbox 1416 1095 1594 1142; x_wconf 90' lang='lat' dir='ltr'><strong>annorum</strong></span> <span class='ocrx_word' id='word_1_299' title='bbox 1623 1073 1670 1140; x_wconf 86' lang='lat' dir='ltr'><strong>ad</strong></span> <span class='ocrx_word' id='word_1_300' title='bbox 1691 1093 1797 1142; x_wconf 87' lang='lat' dir='ltr'><strong>usum</strong></span> <span class='ocrx_word' id='word_1_301' title='bbox 1820 1073 2034 1162; x_wconf 84' lang='lat' dir='ltr'><strong>posteritatis</strong></span> <span class='ocrx_word' id='word_1_302' title='bbox 2056 1097 2155 1144; x_wconf 89' lang='lat' dir='ltr'><strong>nunc</strong></span> <span class='ocrx_word' id='word_1_303' title='bbox 2177 1073 2283 1144; x_wconf 89' lang='lat' dir='ltr'><strong>iusti·</strong></span> 
     </span>
     <span class='ocr_line' id='line_1_49' title="bbox 1293 1172 2283 1266; baseline 0.004 -24"><span class='ocrx_word' id='word_1_304' title='bbox 1293 1185 1441 1243; x_wconf 85' lang='lat' dir='ltr'><strong>tuantur</strong></span> <span class='ocrx_word' id='word_1_305' title='bbox 1462 1186 1499 1244; x_wconf 92' lang='lat' dir='ltr'><strong>et</strong></span> <span class='ocrx_word' id='word_1_306' title='bbox 1519 1173 1690 1256; x_wconf 85' lang='lat' dir='ltr'><strong>edantur,</strong></span> <span class='ocrx_word' id='word_1_307' title='bbox 1715 1173 1812 1264; x_wconf 87' lang='lat' dir='ltr'><strong>quod</strong></span> <span class='ocrx_word' id='word_1_308' title='bbox 1833 1172 2134 1266; x_wconf 86' lang='lat' dir='ltr'><strong>sinePrincipum</strong></span> <span class='ocrx_word' id='word_1_309' title='bbox 2151 1176 2283 1246; x_wconf 89' lang='lat' dir='ltr'><strong>auxilio</strong></span> 
     </span>
     <span class='ocr_line' id='line_1_50' title="bbox 1293 1269 2281 1367; baseline 0.008 -26"><span class='ocrx_word' id='word_1_310' title='bbox 1293 1273 1332 1341; x_wconf 87' lang='lat' dir='ltr'><strong>in</strong></span> <span class='ocrx_word' id='word_1_311' title='bbox 1361 1269 1418 1342; x_wconf 90' lang='lat' dir='ltr'><strong>his</strong></span> <span class='ocrx_word' id='word_1_312' title='bbox 1441 1289 1641 1365; x_wconf 90' lang='lat' dir='ltr'><strong>temporum</strong></span> <span class='ocrx_word' id='word_1_313' title='bbox 1665 1274 1934 1353; x_wconf 76' lang='lat' dir='ltr'><strong>difficultatibus</strong></span> <span class='ocrx_word' id='word_1_314' title='bbox 1958 1277 2035 1346; x_wconf 82' lang='lat' dir='ltr'><strong>beri</strong></span> <span class='ocrx_word' id='word_1_315' title='bbox 2056 1300 2131 1346; x_wconf 88' lang='lat' dir='ltr'><strong>uon</strong></span> <span class='ocrx_word' id='word_1_316' title='bbox 2157 1289 2281 1367; x_wconf 82' lang='lat' dir='ltr'><strong>potest·</strong></span> 
     </span>
     <span class='ocr_line' id='line_1_51' title="bbox 1293 1369 2282 1471; baseline 0.005 -27"><span class='ocrx_word' id='word_1_317' title='bbox 1293 1372 1340 1445; x_wconf 82' lang='lat' dir='ltr'><strong>Et</strong></span> <span class='ocrx_word' id='word_1_318' title='bbox 1363 1389 1481 1446; x_wconf 89' lang='lat' dir='ltr'><strong>tamen</strong></span> <span class='ocrx_word' id='word_1_319' title='bbox 1506 1369 1613 1445; x_wconf 88' lang='lat' dir='ltr'><strong>huius</strong></span> <span class='ocrx_word' id='word_1_320' title='bbox 1629 1376 1680 1445; x_wconf 89' lang='lat' dir='ltr'><strong>rei</strong></span> <span class='ocrx_word' id='word_1_321' title='bbox 1697 1399 1816 1446; x_wconf 89' lang='lat' dir='ltr'><strong>curam</strong></span> <span class='ocrx_word' id='word_1_322' title='bbox 1832 1380 2063 1448; x_wconf 89' lang='lat' dir='ltr'><strong>necessariam</strong></span> <span class='ocrx_word' id='word_1_323' title='bbox 2077 1401 2172 1464; x_wconf 87' lang='lat' dir='ltr'><strong>esse,</strong></span> <span class='ocrx_word' id='word_1_324' title='bbox 2196 1401 2282 1471; x_wconf 90' lang='lat' dir='ltr'><strong>pru·</strong></span> 
     </span>
     <span class='ocr_line' id='line_1_52' title="bbox 1294 1477 1561 1550; baseline 0.019 -5"><span class='ocrx_word' id='word_1_325' title='bbox 1294 1478 1416 1548; x_wconf 91' lang='lat' dir='ltr'><strong>dentes</strong></span> <span class='ocrx_word' id='word_1_326' title='bbox 1432 1477 1561 1550; x_wconf 87' lang='lat' dir='ltr'><strong>sciunt.</strong></span> 
     </span>
    </p>
   </div>
   <div class='ocr_carea' id='block_1_10' title="bbox 1691 1665 1939 1738">
    <p class='ocr_par' dir='ltr' id='par_1_12' title="bbox 1691 1665 1939 1738">
     <span class='ocr_line' id='line_1_53' title="bbox 1691 1665 1939 1738; baseline 0.024 -6"><span class='ocrx_word' id='word_1_327' title='bbox 1691 1665 1870 1734; x_wconf 62' lang='lat' dir='ltr'><strong>{Decimus</strong></span> <span class='ocrx_word' id='word_1_328' title='bbox 1928 1730 1939 1738; x_wconf 80' lang='grc'><strong><em>,</em></strong></span> 
     </span>
    </p>
   </div>
   <div class='ocr_carea' id='block_1_11' title="bbox 1293 1786 2286 2604">
    <p class='ocr_par' dir='ltr' id='par_1_13' title="bbox 1293 1786 2286 2604">
     <span class='ocr_line' id='line_1_54' title="bbox 1395 1786 2284 1891; baseline 0.003 -21"><span class='ocrx_word' id='word_1_329' title='bbox 1395 1792 1606 1891; x_wconf 89' lang='lat' dir='ltr'><strong>Optandum</strong></span> <span class='ocrx_word' id='word_1_330' title='bbox 1621 1786 1697 1869; x_wconf 77' lang='lat' dir='ltr'><strong>era&#39;t</strong></span> <span class='ocrx_word' id='word_1_331' title='bbox 1710 1799 1749 1867; x_wconf 92' lang='lat' dir='ltr'><strong>in</strong></span> <span class='ocrx_word' id='word_1_332' title='bbox 1764 1794 1993 1871; x_wconf 87' lang='lat' dir='ltr'><strong>Academiam</strong></span> <span class='ocrx_word' id='word_1_333' title='bbox 2007 1823 2082 1870; x_wconf 92' lang='lat' dir='ltr'><strong>non</strong></span> <span class='ocrx_word' id='word_1_334' title='bbox 2097 1813 2176 1870; x_wconf 90' lang='lat' dir='ltr'><strong>ante</strong></span> <span class='ocrx_word' id='word_1_335' title='bbox 2189 1803 2284 1873; x_wconf 89' lang='lat' dir='ltr'><strong>mitti</strong></span> 
     </span>
     <span class='ocr_line' id='line_1_55' title="bbox 1294 1893 2283 1996; baseline 0.003 -27"><span class='ocrx_word' id='word_1_336' title='bbox 1294 1899 1547 1986; x_wconf 87' lang='lat' dir='ltr'><strong>adolescentes,</strong></span> <span class='ocrx_word' id='word_1_337' title='bbox 1574 1925 1680 1996; x_wconf 90' lang='lat' dir='ltr'><strong>quam</strong></span> <span class='ocrx_word' id='word_1_338' title='bbox 1694 1893 1971 1972; x_wconf 88' lang='lat' dir='ltr'><strong>Grammaticam</strong></span> <span class='ocrx_word' id='word_1_339' title='bbox 1983 1902 2212 1972; x_wconf 84' lang='lat' dir='ltr'><strong>mediocriter</strong></span> <span class='ocrx_word' id='word_1_340' title='bbox 2225 1903 2283 1972; x_wconf 90' lang='lat' dir='ltr'><strong>di-</strong></span> 
     </span>
     <span class='ocr_line' id='line_1_56' title="bbox 1293 1995 2284 2096; baseline 0.009 -26"><span class='ocrx_word' id='word_1_341' title='bbox 1293 2003 1479 2086; x_wconf 86' lang='lat' dir='ltr'><strong>dicissent,</strong></span> <span class='ocrx_word' id='word_1_342' title='bbox 1502 2004 1658 2096; x_wconf 89' lang='lat' dir='ltr'><strong>aliquem</strong></span> <span class='ocrx_word' id='word_1_343' title='bbox 1676 2005 1851 2074; x_wconf 84' lang='lat' dir='ltr'><strong>sermonis</strong></span> <span class='ocrx_word' id='word_1_344' title='bbox 1865 2001 1969 2074; x_wconf 90' lang='lat' dir='ltr'><strong>latini</strong></span> <span class='ocrx_word' id='word_1_345' title='bbox 1984 2023 2088 2076; x_wconf 89' lang='lat' dir='ltr'><strong>usum</strong></span> <span class='ocrx_word' id='word_1_346' title='bbox 2100 1995 2284 2080; x_wconf 89' lang='lat' dir='ltr'><strong>haberent.</strong></span> 
     </span>
     <span class='ocr_line' id='line_1_57' title="bbox 1294 2097 2283 2177; baseline 0.002 -2"><span class='ocrx_word' id='word_1_347' title='bbox 1294 2103 1364 2175; x_wconf 86' lang='lat' dir='ltr'><strong>Sed</strong></span> <span class='ocrx_word' id='word_1_348' title='bbox 1388 2129 1467 2174; x_wconf 91' lang='lat' dir='ltr'><strong>cum</strong></span> <span class='ocrx_word' id='word_1_349' title='bbox 1490 2119 1584 2175; x_wconf 84' lang='lat' dir='ltr'><strong>aetas</strong></span> <span class='ocrx_word' id='word_1_350' title='bbox 1603 2097 1721 2173; x_wconf 83' lang='lat' dir='ltr'><strong>adhuc</strong></span> <span class='ocrx_word' id='word_1_351' title='bbox 1743 2105 1869 2174; x_wconf 91' lang='lat' dir='ltr'><strong>rudior</strong></span> <span class='ocrx_word' id='word_1_352' title='bbox 1887 2115 1920 2174; x_wconf 90' lang='lat' dir='ltr'><strong>et</strong></span> <span class='ocrx_word' id='word_1_353' title='bbox 1934 2105 2096 2174; x_wconf 91' lang='lat' dir='ltr'><strong>nondum</strong></span> <span class='ocrx_word' id='word_1_354' title='bbox 2112 2105 2283 2177; x_wconf 88' lang='lat' dir='ltr'><strong>instructa</strong></span> 
     </span>
     <span class='ocr_line' id='line_1_58' title="bbox 1294 2201 2284 2294; baseline 0.003 -20"><span class='ocrx_word' id='word_1_355' title='bbox 1294 2205 1498 2294; x_wconf 85' lang='lat' dir='ltr'><strong>cognitione</strong></span> <span class='ocrx_word' id='word_1_356' title='bbox 1514 2201 1770 2276; x_wconf 86' lang='lat' dir='ltr'><strong>Grammatices</strong></span> <span class='ocrx_word' id='word_1_357' title='bbox 1792 2202 1864 2277; x_wconf 92' lang='lat' dir='ltr'><strong>huc</strong></span> <span class='ocrx_word' id='word_1_358' title='bbox 1884 2203 2020 2290; x_wconf 89' lang='lat' dir='ltr'><strong>veniat,</strong></span> <span class='ocrx_word' id='word_1_359' title='bbox 2046 2219 2079 2276; x_wconf 93' lang='lat' dir='ltr'><strong>et</strong></span> <span class='ocrx_word' id='word_1_360' title='bbox 2103 2229 2284 2278; x_wconf 88' lang='lat' dir='ltr'><strong>commen-</strong></span> 
     </span>
     <span class='ocr_line' id='line_1_59' title="bbox 1294 2305 2285 2400; baseline 0.003 -23"><span class='ocrx_word' id='word_1_361' title='bbox 1294 2307 1398 2378; x_wconf 89' lang='lat' dir='ltr'><strong>detur</strong></span> <span class='ocrx_word' id='word_1_362' title='bbox 1419 2305 1600 2398; x_wconf 87' lang='lat' dir='ltr'><strong>Magistris</strong></span> <span class='ocrx_word' id='word_1_363' title='bbox 1620 2307 1683 2400; x_wconf 91' lang='lat' dir='ltr'><strong>qni</strong></span> <span class='ocrx_word' id='word_1_364' title='bbox 1705 2308 1873 2398; x_wconf 91' lang='lat' dir='ltr'><strong>privatim</strong></span> <span class='ocrx_word' id='word_1_365' title='bbox 1896 2309 2041 2392; x_wconf 89' lang='lat' dir='ltr'><strong>docent,</strong></span> <span class='ocrx_word' id='word_1_366' title='bbox 2073 2311 2285 2380; x_wconf 87' lang='lat' dir='ltr'><strong>mandamns</strong></span> 
     </span>
     <span class='ocr_line' id='line_1_60' title="bbox 1294 2405 2286 2499; baseline 0.004 -21"><span class='ocrx_word' id='word_1_367' title='bbox 1294 2407 1425 2482; x_wconf 88' lang='lat' dir='ltr'><strong>talibus</strong></span> <span class='ocrx_word' id='word_1_368' title='bbox 1454 2405 1748 2499; x_wconf 78' lang='lat' dir='ltr'><strong>praeceptoribus</strong></span> <span class='ocrx_word' id='word_1_369' title='bbox 1784 2408 2021 2491; x_wconf 87' lang='lat' dir='ltr'><strong>severissime,</strong></span> <span class='ocrx_word' id='word_1_370' title='bbox 2062 2423 2103 2479; x_wconf 90' lang='lat' dir='ltr'><strong>ut</strong></span> <span class='ocrx_word' id='word_1_371' title='bbox 2134 2411 2286 2482; x_wconf 85' lang='lat' dir='ltr'><strong>fideliter</strong></span> 
     </span>
     <span class='ocr_line' id='line_1_61' title="bbox 1294 2499 2286 2604; baseline 0.001 -25"><span class='ocrx_word' id='word_1_372' title='bbox 1294 2499 1448 2580; x_wconf 84' lang='lat' dir='ltr'><strong>officium</strong></span> <span class='ocrx_word' id='word_1_373' title='bbox 1467 2533 1569 2579; x_wconf 93' lang='lat' dir='ltr'><strong>suum</strong></span> <span class='ocrx_word' id='word_1_374' title='bbox 1587 2509 1728 2596; x_wconf 81' lang='lat' dir='ltr'><strong>iaciant,</strong></span> <span class='ocrx_word' id='word_1_375' title='bbox 1749 2525 1754 2536; x_wconf 87' lang='lat'><em>&#39;</em></span> <span class='ocrx_word' id='word_1_376' title='bbox 1778 2507 1870 2600; x_wconf 86' lang='lat' dir='ltr'><strong>Nam</strong></span> <span class='ocrx_word' id='word_1_377' title='bbox 1888 2507 2061 2600; x_wconf 85' lang='lat' dir='ltr'><strong>neglectio</strong></span> <span class='ocrx_word' id='word_1_378' title='bbox 2075 2509 2114 2578; x_wconf 88' lang='lat' dir='ltr'><strong>in</strong></span> <span class='ocrx_word' id='word_1_379' title='bbox 2129 2511 2192 2581; x_wconf 92' lang='lat' dir='ltr'><strong>illa</strong></span> <span class='ocrx_word' id='word_1_380' title='bbox 2208 2511 2286 2604; x_wconf 83' lang='lat' dir='ltr'><strong>pri·</strong></span> 
     </span>
    </p>
   </div>
   <div class='ocr_carea' id='block_1_12' title="bbox 1214 2609 2285 2704">
    <p class='ocr_par' dir='ltr' id='par_1_14' title="bbox 1214 2609 2285 2704">
     <span class='ocr_line' id='line_1_62' title="bbox 1214 2609 2285 2704; baseline 0.005 -25"><span class='ocrx_word' id='word_1_381' title='bbox 1214 2663 1216 2668; x_wconf 67' lang='lat'><strong>,</strong></span> <span class='ocrx_word' id='word_1_382' title='bbox 1294 2635 1351 2679; x_wconf 87' lang='lat' dir='ltr'><strong>ma</strong></span> <span class='ocrx_word' id='word_1_383' title='bbox 1374 2609 1597 2682; x_wconf 87' lang='lat' dir='ltr'><strong>institutione</strong></span> <span class='ocrx_word' id='word_1_384' title='bbox 1618 2622 1802 2704; x_wconf 85' lang='lat' dir='ltr'><strong>nunquam</strong></span> <span class='ocrx_word' id='word_1_385' title='bbox 1819 2623 1936 2701; x_wconf 91' lang='lat' dir='ltr'><strong>postea</strong></span> <span class='ocrx_word' id='word_1_386' title='bbox 1953 2611 2076 2680; x_wconf 83' lang='lat' dir='ltr'><strong>sarciri</strong></span> <span class='ocrx_word' id='word_1_387' title='bbox 2090 2625 2223 2704; x_wconf 91' lang='lat' dir='ltr'><strong>potest,</strong></span> <span class='ocrx_word' id='word_1_388' title='bbox 2249 2627 2285 2685; x_wconf 88' lang='lat' dir='ltr'><strong>et</strong></span> 
     </span>
    </p>
   </div>
   <div class='ocr_carea' id='block_1_13' title="bbox 1293 2713 2283 2907">
    <p class='ocr_par' dir='ltr' id='par_1_15' title="bbox 1293 2713 2283 2907">
     <span class='ocr_line' id='line_1_63' title="bbox 1294 2713 2283 2807; baseline 0.003 -26"><span class='ocrx_word' id='word_1_389' title='bbox 1294 2714 1463 2782; x_wconf 89' lang='lat' dir='ltr'><strong>damnum</strong></span> <span class='ocrx_word' id='word_1_390' title='bbox 1485 2735 1559 2781; x_wconf 89' lang='lat' dir='ltr'><strong>non</strong></span> <span class='ocrx_word' id='word_1_391' title='bbox 1582 2713 1696 2782; x_wconf 88' lang='lat' dir='ltr'><strong>solum</strong></span> <span class='ocrx_word' id='word_1_392' title='bbox 1720 2713 1886 2803; x_wconf 89' lang='lat' dir='ltr'><strong>privatim</strong></span> <span class='ocrx_word' id='word_1_393' title='bbox 1910 2714 1954 2782; x_wconf 92' lang='lat' dir='ltr'><strong>ad</strong></span> <span class='ocrx_word' id='word_1_394' title='bbox 1978 2713 2061 2782; x_wconf 90' lang='lat' dir='ltr'><strong>illos</strong></span> <span class='ocrx_word' id='word_1_395' title='bbox 2079 2714 2283 2807; x_wconf 82' lang='lat' dir='ltr'><strong>discipulos,</strong></span> 
     </span>
     <span class='ocr_line' id='line_1_64' title="bbox 1293 2811 2008 2907; baseline -0.008 -24"><span class='ocrx_word' id='word_1_396' title='bbox 1293 2816 1353 2884; x_wconf 90' lang='lat' dir='ltr'><strong>sed</strong></span> <span class='ocrx_word' id='word_1_397' title='bbox 1366 2815 1410 2884; x_wconf 86' lang='lat' dir='ltr'><strong>ad</strong></span> <span class='ocrx_word' id='word_1_398' title='bbox 1427 2825 1535 2884; x_wconf 86' lang='lat' dir='ltr'><strong>totam</strong></span> <span class='ocrx_word' id='word_1_399' title='bbox 1552 2811 1825 2905; x_wconf 88' lang='lat' dir='ltr'><strong>Rempublicam</strong></span> <span class='ocrx_word' id='word_1_400' title='bbox 1844 2815 2008 2907; x_wconf 86' lang='lat' dir='ltr'><strong>pertinet.</strong></span> 
     </span>
    </p>
   </div>
   <div class='ocr_carea' id='block_1_14' title="bbox 1291 2925 2285 3534">
    <p class='ocr_par' dir='ltr' id='par_1_16' title="bbox 1291 2925 2285 3534">
     <span class='ocr_line' id='line_1_65' title="bbox 1395 2925 2282 3028; baseline 0 -24"><span class='ocrx_word' id='word_1_401' title='bbox 1395 2929 1557 3028; x_wconf 85' lang='lat' dir='ltr'><strong>Cumque</strong></span> <span class='ocrx_word' id='word_1_402' title='bbox 1574 2931 1671 3003; x_wconf 88' lang='lat' dir='ltr'><strong>Deus</strong></span> <span class='ocrx_word' id='word_1_403' title='bbox 1692 2925 1915 3002; x_wconf 88' lang='lat' dir='ltr'><strong>horribiliter</strong></span> <span class='ocrx_word' id='word_1_404' title='bbox 1938 2931 2171 3003; x_wconf 88' lang='lat' dir='ltr'><strong>declaraverit</strong></span> <span class='ocrx_word' id='word_1_405' title='bbox 2192 2933 2282 3004; x_wconf 88' lang='lat' dir='ltr'><strong>iram</strong></span> 
     </span>
     <span class='ocr_line' id='line_1_66' title="bbox 1291 3033 2284 3126; baseline -0.004 -18"><span class='ocrx_word' id='word_1_406' title='bbox 1291 3057 1391 3108; x_wconf 88' lang='lat' dir='ltr'><strong>suam</strong></span> <span class='ocrx_word' id='word_1_407' title='bbox 1414 3036 1581 3104; x_wconf 92' lang='lat' dir='ltr'><strong>adversus</strong></span> <span class='ocrx_word' id='word_1_408' title='bbox 1598 3045 1782 3124; x_wconf 90' lang='lat' dir='ltr'><strong>parentum</strong></span> <span class='ocrx_word' id='word_1_409' title='bbox 1801 3033 2049 3124; x_wconf 88' lang='lat' dir='ltr'><strong>negligentiam</strong></span> <span class='ocrx_word' id='word_1_410' title='bbox 2066 3035 2103 3103; x_wconf 92' lang='lat' dir='ltr'><strong>in</strong></span> <span class='ocrx_word' id='word_1_411' title='bbox 2119 3037 2284 3126; x_wconf 88' lang='lat' dir='ltr'><strong>regendis</strong></span> 
     </span>
     <span class='ocr_line' id='line_1_67' title="bbox 1293 3133 2285 3224; baseline 0.003 -20"><span class='ocrx_word' id='word_1_412' title='bbox 1293 3135 1374 3204; x_wconf 86' lang='lat' dir='ltr'><strong>filiis</strong></span> <span class='ocrx_word' id='word_1_413' title='bbox 1397 3149 1431 3205; x_wconf 93' lang='lat' dir='ltr'><strong>et</strong></span> <span class='ocrx_word' id='word_1_414' title='bbox 1454 3135 1611 3220; x_wconf 85' lang='lat' dir='ltr'><strong>filiabus,</strong></span> <span class='ocrx_word' id='word_1_415' title='bbox 1638 3136 1675 3204; x_wconf 90' lang='lat' dir='ltr'><strong>in</strong></span> <span class='ocrx_word' id='word_1_416' title='bbox 1698 3159 1811 3224; x_wconf 92' lang='lat' dir='ltr'><strong>poena</strong></span> <span class='ocrx_word' id='word_1_417' title='bbox 1829 3134 2030 3206; x_wconf 87' lang='lat' dir='ltr'><strong>Sacerdotis</strong></span> <span class='ocrx_word' id='word_1_418' title='bbox 2045 3133 2107 3205; x_wconf 85' lang='lat' dir='ltr'><strong>Eli</strong></span> <span class='ocrx_word' id='word_1_419' title='bbox 2131 3152 2164 3207; x_wconf 91' lang='lat' dir='ltr'><strong>et</strong></span> <span class='ocrx_word' id='word_1_420' title='bbox 2186 3137 2285 3207; x_wconf 88' lang='lat' dir='ltr'><strong>filio-</strong></span> 
     </span>
     <span class='ocr_line' id='line_1_68' title="bbox 1293 3231 2282 3329; baseline 0 -23"><span class='ocrx_word' id='word_1_421' title='bbox 1293 3263 1373 3307; x_wconf 91' lang='lat' dir='ltr'><strong>rum</strong></span> <span class='ocrx_word' id='word_1_422' title='bbox 1388 3237 1482 3318; x_wconf 91' lang='lat' dir='ltr'><strong>eius,</strong></span> <span class='ocrx_word' id='word_1_423' title='bbox 1505 3231 1599 3308; x_wconf 91' lang='lat' dir='ltr'><strong>hand</strong></span> <span class='ocrx_word' id='word_1_424' title='bbox 1618 3237 1727 3307; x_wconf 91' lang='lat' dir='ltr'><strong>dubie</strong></span> <span class='ocrx_word' id='word_1_425' title='bbox 1744 3237 1848 3328; x_wconf 88' lang='lat' dir='ltr'><strong>punit</strong></span> <span class='ocrx_word' id='word_1_426' title='bbox 1861 3231 1960 3307; x_wconf 87' lang='lat' dir='ltr'><strong>Deus</strong></span> <span class='ocrx_word' id='word_1_427' title='bbox 1975 3250 2009 3307; x_wconf 94' lang='lat' dir='ltr'><strong>et</strong></span> <span class='ocrx_word' id='word_1_428' title='bbox 2024 3238 2148 3329; x_wconf 92' lang='lat' dir='ltr'><strong>puniet</strong></span> <span class='ocrx_word' id='word_1_429' title='bbox 2162 3241 2282 3308; x_wconf 90' lang='lat' dir='ltr'><strong>omni-</strong></span> 
     </span>
     <span class='ocr_line' id='line_1_69' title="bbox 1292 3337 2283 3432; baseline 0 -23"><span class='ocrx_word' id='word_1_430' title='bbox 1292 3341 1359 3409; x_wconf 93' lang='lat' dir='ltr'><strong>bus</strong></span> <span class='ocrx_word' id='word_1_431' title='bbox 1373 3339 1590 3429; x_wconf 86' lang='lat' dir='ltr'><strong>temporibus</strong></span> <span class='ocrx_word' id='word_1_432' title='bbox 1604 3339 1779 3427; x_wconf 87' lang='lat' dir='ltr'><strong>ignaviam</strong></span> <span class='ocrx_word' id='word_1_433' title='bbox 1795 3361 1917 3408; x_wconf 92' lang='lat' dir='ltr'><strong>eorum</strong></span> <span class='ocrx_word' id='word_1_434' title='bbox 1933 3337 1993 3432; x_wconf 91' lang='lat' dir='ltr'><strong>qui</strong></span> <span class='ocrx_word' id='word_1_435' title='bbox 2010 3339 2283 3410; x_wconf 86' lang='lat' dir='ltr'><strong>adolescentiam</strong></span> 
     </span>
     <span class='ocr_line' id='line_1_70' title="bbox 1292 3439 2136 3534; baseline 0.002 -24"><span class='ocrx_word' id='word_1_436' title='bbox 1292 3465 1398 3534; x_wconf 91' lang='lat' dir='ltr'><strong>quam</strong></span> <span class='ocrx_word' id='word_1_437' title='bbox 1414 3463 1534 3528; x_wconf 87' lang='lat' dir='ltr'><strong>regere</strong></span> <span class='ocrx_word' id='word_1_438' title='bbox 1549 3441 1743 3525; x_wconf 89' lang='lat' dir='ltr'><strong>debebant,</strong></span> <span class='ocrx_word' id='word_1_439' title='bbox 1769 3441 1929 3510; x_wconf 90' lang='lat' dir='ltr'><strong>volentes</strong></span> <span class='ocrx_word' id='word_1_440' title='bbox 1944 3439 2136 3529; x_wconf 87' lang='lat' dir='ltr'><strong>negligunt.</strong></span> 
     </span>
    </p>
   </div>
   <div class='ocr_carea' id='block_1_15' title="bbox 1290 3553 2282 4034">
    <p class='ocr_par' dir='ltr' id='par_1_17' title="bbox 1290 3553 2282 4034">
     <span class='ocr_line' id='line_1_71' title="bbox 1393 3553 2280 3650; baseline 0.001 -21"><span class='ocrx_word' id='word_1_441' title='bbox 1393 3557 1450 3629; x_wconf 91' lang='lat' dir='ltr'><strong>Sit</strong></span> <span class='ocrx_word' id='word_1_442' title='bbox 1460 3579 1541 3647; x_wconf 89' lang='lat' dir='ltr'><strong>ergo</strong></span> <span class='ocrx_word' id='word_1_443' title='bbox 1555 3571 1699 3649; x_wconf 90' lang='lat' dir='ltr'><strong>propter</strong></span> <span class='ocrx_word' id='word_1_444' title='bbox 1712 3557 1861 3628; x_wconf 88' lang='lat' dir='ltr'><strong>salutem</strong></span> <span class='ocrx_word' id='word_1_445' title='bbox 1873 3553 2121 3648; x_wconf 87' lang='lat' dir='ltr'><strong>Reipublicae,</strong></span> <span class='ocrx_word' id='word_1_446' title='bbox 2145 3573 2178 3630; x_wconf 92' lang='lat' dir='ltr'><strong>et</strong></span> <span class='ocrx_word' id='word_1_447' title='bbox 2192 3583 2280 3650; x_wconf 91' lang='lat' dir='ltr'><strong>pro-</strong></span> 
     </span>
     <span class='ocr_line' id='line_1_72' title="bbox 1292 3655 2282 3752; baseline 0.004 -25"><span class='ocrx_word' id='word_1_448' title='bbox 1292 3671 1371 3752; x_wconf 91' lang='lat' dir='ltr'><strong>pter</strong></span> <span class='ocrx_word' id='word_1_449' title='bbox 1387 3657 1534 3748; x_wconf 88' lang='lat' dir='ltr'><strong>gloriam</strong></span> <span class='ocrx_word' id='word_1_450' title='bbox 1551 3655 1635 3744; x_wconf 90' lang='lat' dir='ltr'><strong>Dei,</strong></span> <span class='ocrx_word' id='word_1_451' title='bbox 1660 3659 1782 3734; x_wconf 83' lang='lat' dir='ltr'><strong>maior,</strong></span> <span class='ocrx_word' id='word_1_452' title='bbox 1791 3659 1830 3728; x_wconf 92' lang='lat' dir='ltr'><strong>in</strong></span> <span class='ocrx_word' id='word_1_453' title='bbox 1846 3659 2011 3730; x_wconf 88' lang='lat' dir='ltr'><strong>omnibus</strong></span> <span class='ocrx_word' id='word_1_454' title='bbox 2026 3659 2108 3728; x_wconf 90' lang='lat' dir='ltr'><strong>cura</strong></span> <span class='ocrx_word' id='word_1_455' title='bbox 2126 3661 2282 3731; x_wconf 81' lang='lat' dir='ltr'><strong>faciendi</strong></span> 
     </span>
     <span class='ocr_line' id='line_1_73' title="bbox 1291 3759 2282 3855; baseline 0.006 -27"><span class='ocrx_word' id='word_1_456' title='bbox 1291 3761 1415 3848; x_wconf 79' lang='lat' dir='ltr'><strong>officii,</strong></span> <span class='ocrx_word' id='word_1_457' title='bbox 1440 3760 1512 3830; x_wconf 90' lang='lat' dir='ltr'><strong>sint</strong></span> <span class='ocrx_word' id='word_1_458' title='bbox 1530 3761 1633 3830; x_wconf 90' lang='lat' dir='ltr'><strong>etiam</strong></span> <span class='ocrx_word' id='word_1_459' title='bbox 1652 3759 1818 3854; x_wconf 81' lang='lat' dir='ltr'><strong>discipuli</strong></span> <span class='ocrx_word' id='word_1_460' title='bbox 1832 3759 2119 3854; x_wconf 84' lang='lat' dir='ltr'><strong>obsequentiores</strong></span> <span class='ocrx_word' id='word_1_461' title='bbox 2136 3778 2282 3855; x_wconf 89' lang='lat' dir='ltr'><strong>propter</strong></span> 
     </span>
     <span class='ocr_line' id='line_1_74' title="bbox 1290 3857 2280 3954; baseline 0 -22"><span class='ocrx_word' id='word_1_462' title='bbox 1290 3887 1389 3932; x_wconf 91' lang='lat' dir='ltr'><strong>suam</strong></span> <span class='ocrx_word' id='word_1_463' title='bbox 1407 3875 1440 3932; x_wconf 92' lang='lat' dir='ltr'><strong>ct</strong></span> <span class='ocrx_word' id='word_1_464' title='bbox 1456 3861 1633 3954; x_wconf 90' lang='lat' dir='ltr'><strong>publicam</strong></span> <span class='ocrx_word' id='word_1_465' title='bbox 1650 3863 1815 3949; x_wconf 89' lang='lat' dir='ltr'><strong>salutem,</strong></span> <span class='ocrx_word' id='word_1_466' title='bbox 1842 3877 1876 3935; x_wconf 88' lang='lat' dir='ltr'><strong>et</strong></span> <span class='ocrx_word' id='word_1_467' title='bbox 1891 3875 2051 3933; x_wconf 85' lang='lat' dir='ltr'><strong>metuant</strong></span> <span class='ocrx_word' id='word_1_468' title='bbox 2063 3857 2180 3934; x_wconf 87' lang='lat' dir='ltr'><strong>Deum</strong></span> <span class='ocrx_word' id='word_1_469' title='bbox 2197 3865 2280 3932; x_wconf 89' lang='lat' dir='ltr'><strong>vin-</strong></span> 
     </span>
     <span class='ocr_line' id='line_1_75' title="bbox 1291 3965 1674 4034; baseline 0.005 -2"><span class='ocrx_word' id='word_1_470' title='bbox 1291 3965 1403 4034; x_wconf 91' lang='lat' dir='ltr'><strong>dicem</strong></span> <span class='ocrx_word' id='word_1_471' title='bbox 1421 3965 1674 4034; x_wconf 88' lang='lat' dir='ltr'><strong>contumaciae.</strong></span> 
     </span>
    </p>
   </div>
   <div class='ocr_carea' id='block_1_16' title="bbox 1291 4079 2279 4380">
    <p class='ocr_par' dir='ltr' id='par_1_18' title="bbox 1291 4079 2279 4380">
     <span class='ocr_line' id='line_1_76' title="bbox 1392 4079 2279 4176; baseline -0.002 -22"><span class='ocrx_word' id='word_1_472' title='bbox 1392 4079 1542 4176; x_wconf 87' lang='lat' dir='ltr'><strong>Utrique</strong></span> <span class='ocrx_word' id='word_1_473' title='bbox 1558 4096 1694 4168; x_wconf 88' lang='lat' dir='ltr'><strong>autem,</strong></span> <span class='ocrx_word' id='word_1_474' title='bbox 1715 4093 1958 4173; x_wconf 86' lang='lat' dir='ltr'><strong>praeceptores</strong></span> <span class='ocrx_word' id='word_1_475' title='bbox 1974 4095 2008 4152; x_wconf 91' lang='lat' dir='ltr'><strong>et</strong></span> <span class='ocrx_word' id='word_1_476' title='bbox 2020 4082 2206 4174; x_wconf 88' lang='lat' dir='ltr'><strong>discipuli,</strong></span> <span class='ocrx_word' id='word_1_477' title='bbox 2234 4107 2279 4152; x_wconf 89' lang='lat' dir='ltr'><strong>eo</strong></span> 
     </span>
     <span class='ocr_line' id='line_1_77' title="bbox 1291 4183 2278 4281; baseline 0 -27"><span class='ocrx_word' id='word_1_478' title='bbox 1291 4185 1494 4276; x_wconf 88' lang='lat' dir='ltr'><strong>diligentius</strong></span> <span class='ocrx_word' id='word_1_479' title='bbox 1506 4185 1637 4259; x_wconf 86' lang='lat' dir='ltr'><strong>saciant</strong></span> <span class='ocrx_word' id='word_1_480' title='bbox 1650 4209 1754 4258; x_wconf 88' lang='lat' dir='ltr'><strong>suum</strong></span> <span class='ocrx_word' id='word_1_481' title='bbox 1769 4183 1901 4277; x_wconf 85' lang='lat' dir='ltr'><strong>quique</strong></span> <span class='ocrx_word' id='word_1_482' title='bbox 1916 4183 2082 4270; x_wconf 85' lang='lat' dir='ltr'><strong>officium,</strong></span> <span class='ocrx_word' id='word_1_483' title='bbox 2107 4183 2278 4281; x_wconf 87' lang='lat' dir='ltr'><strong>quianon</strong></span> 
     </span>
     <span class='ocr_line' id='line_1_78' title="bbox 1291 4284 2279 4380; baseline 0.001 -24"><span class='ocrx_word' id='word_1_484' title='bbox 1291 4284 1356 4358; x_wconf 91' lang='lat' dir='ltr'><strong>hoc</strong></span> <span class='ocrx_word' id='word_1_485' title='bbox 1378 4311 1490 4356; x_wconf 91' lang='lat' dir='ltr'><strong>unum</strong></span> <span class='ocrx_word' id='word_1_486' title='bbox 1514 4285 1646 4358; x_wconf 87' lang='lat' dir='ltr'><strong>malum</strong></span> <span class='ocrx_word' id='word_1_487' title='bbox 1670 4286 1830 4380; x_wconf 91' lang='lat' dir='ltr'><strong>sequitur</strong></span> <span class='ocrx_word' id='word_1_488' title='bbox 1853 4286 1986 4376; x_wconf 89' lang='lat' dir='ltr'><strong>primae</strong></span> <span class='ocrx_word' id='word_1_489' title='bbox 2008 4285 2133 4356; x_wconf 90' lang='lat' dir='ltr'><strong>aetatis</strong></span> <span class='ocrx_word' id='word_1_490' title='bbox 2156 4287 2279 4376; x_wconf 90' lang='lat' dir='ltr'><strong>negle-</strong></span> 
     </span>
    </p>
   </div>
   <div class='ocr_carea' id='block_1_17' title="bbox 248 4385 2320 5510">
    <p class='ocr_par' dir='ltr' id='par_1_19' title="bbox 248 4385 2320 5510">
     <span class='ocr_line' id='line_1_79' title="bbox 251 4385 2277 4508; baseline -0.002 -31"><span class='ocrx_word' id='word_1_491' title='bbox 251 4408 376 4482; x_wconf 86' lang='lat' dir='ltr'><strong>damus</strong></span> <span class='ocrx_word' id='word_1_492' title='bbox 389 4408 452 4502; x_wconf 92' lang='lat' dir='ltr'><strong>qni</strong></span> <span class='ocrx_word' id='word_1_493' title='bbox 464 4421 593 4497; x_wconf 90' lang='lat' dir='ltr'><strong>regunt</strong></span> <span class='ocrx_word' id='word_1_494' title='bbox 607 4407 869 4477; x_wconf 91' lang='lat' dir='ltr'><strong>adolescentum</strong></span> <span class='ocrx_word' id='word_1_495' title='bbox 886 4408 1015 4492; x_wconf 88' lang='lat' dir='ltr'><strong>studia,</strong></span> <span class='ocrx_word' id='word_1_496' title='bbox 1042 4419 1082 4477; x_wconf 90' lang='lat' dir='ltr'><strong>ut</strong></span> <span class='ocrx_word' id='word_1_497' title='bbox 1096 4403 1239 4495; x_wconf 88' lang='lat' dir='ltr'><strong>adigant</strong></span> <span class='ocrx_word' id='word_1_498' title='bbox 1288 4386 1459 4508; x_wconf 65' lang='lat'><strong>⁰1{0¹¹0¹¹{‚</strong></span> <span class='ocrx_word' id='word_1_499' title='bbox 1490 4391 1586 4506; x_wconf 65' lang='grc'><strong>(111911</strong></span> <span class='ocrx_word' id='word_1_500' title='bbox 1613 4387 1698 4458; x_wconf 60' lang='grc' dir='ltr'><strong>111ῑῖ</strong></span> <span class='ocrx_word' id='word_1_501' title='bbox 1724 4387 1948 4506; x_wconf 58' lang='grc' dir='ltr'><strong>8111111101θῆ</strong></span> <span class='ocrx_word' id='word_1_502' title='bbox 1981 4385 2277 4506; x_wconf 37' lang='grc'><strong>11111111110111111</strong></span> 
     </span>
     <span class='ocr_line' id='line_1_80' title="bbox 252 4487 2276 4582; baseline -0.01 -4"><span class='ocrx_word' id='word_1_503' title='bbox 252 4533 310 4579; x_wconf 90' lang='lat' dir='ltr'><strong>cos</strong></span> <span class='ocrx_word' id='word_1_504' title='bbox 324 4512 369 4580; x_wconf 89' lang='lat' dir='ltr'><strong>ad</strong></span> <span class='ocrx_word' id='word_1_505' title='bbox 384 4509 597 4580; x_wconf 90' lang='lat' dir='ltr'><strong>audiendam</strong></span> <span class='ocrx_word' id='word_1_506' title='bbox 614 4523 649 4581; x_wconf 92' lang='lat' dir='ltr'><strong>et</strong></span> <span class='ocrx_word' id='word_1_507' title='bbox 663 4511 890 4578; x_wconf 80' lang='lat' dir='ltr'><strong>exercendam</strong></span> <span class='ocrx_word' id='word_1_508' title='bbox 905 4503 1176 4579; x_wconf 87' lang='lat' dir='ltr'><strong>Arithmeticen.</strong></span> <span class='ocrx_word' id='word_1_509' title='bbox 1287 4513 1406 4562; x_wconf 75' lang='lat' dir='ltr'><strong>¹¹¹¹¹¹u⁸</strong></span> <span class='ocrx_word' id='word_1_510' title='bbox 1428 4491 1550 4560; x_wconf 82' lang='lat' dir='ltr'><strong>1d0ne1</strong></span> <span class='ocrx_word' id='word_1_511' title='bbox 1570 4491 1614 4558; x_wconf 83' lang='lat' dir='ltr'><strong>ad</strong></span> <span class='ocrx_word' id='word_1_512' title='bbox 1638 4512 1843 4581; x_wconf 81' lang='lat' dir='ltr'><strong>praecspuas</strong></span> <span class='ocrx_word' id='word_1_513' title='bbox 1865 4513 1904 4558; x_wconf 91' lang='grc' dir='ltr'><strong>ιιι</strong></span> <span class='ocrx_word' id='word_1_514' title='bbox 1920 4487 2119 4582; x_wconf 79' lang='lat' dir='ltr'><strong>Republica</strong></span> <span class='ocrx_word' id='word_1_515' title='bbox 2140 4490 2276 4560; x_wconf 70' lang='lat' dir='ltr'><strong>delibe-</strong></span> 
     </span>
     <span class='ocr_line' id='line_1_81' title="bbox 353 4589 2274 4706; baseline 0.002 -48"><span class='ocrx_word' id='word_1_516' title='bbox 353 4609 401 4680; x_wconf 46' lang='grc' dir='ltr'><strong>Εἰ</strong></span> <span class='ocrx_word' id='word_1_517' title='bbox 432 4612 515 4706; x_wconf 67' lang='lat' dir='ltr'><strong>qui,</strong></span> <span class='ocrx_word' id='word_1_518' title='bbox 535 4608 633 4682; x_wconf 57' lang='lat' dir='ltr'><strong>De„s</strong></span> <span class='ocrx_word' id='word_1_519' title='bbox 659 4609 917 4705; x_wconf 49' lang='lat' dir='ltr'><strong>„pientissimo</strong></span> <span class='ocrx_word' id='word_1_520' title='bbox 945 4611 1094 4680; x_wconf 63' lang='lat' dir='ltr'><strong>consilio</strong></span> <span class='ocrx_word' id='word_1_521' title='bbox 1125 4607 1234 4678; x_wconf 60' lang='lat' dir='ltr'><strong>volut,</strong></span> <span class='ocrx_word' id='word_1_522' title='bbox 1287 4592 1461 4670; x_wconf 85' lang='lat' dir='ltr'><strong>rationes,</strong></span> <span class='ocrx_word' id='word_1_523' title='bbox 1488 4592 1549 4660; x_wconf 91' lang='lat' dir='ltr'><strong>sed</strong></span> <span class='ocrx_word' id='word_1_524' title='bbox 1572 4590 1775 4660; x_wconf 90' lang='lat' dir='ltr'><strong>etiamsunt</strong></span> <span class='ocrx_word' id='word_1_525' title='bbox 1795 4589 1986 4676; x_wconf 84' lang='lat' dir='ltr'><strong>indociles,</strong></span> <span class='ocrx_word' id='word_1_526' title='bbox 2013 4615 2080 4662; x_wconf 89' lang='lat' dir='ltr'><strong>nec</strong></span> <span class='ocrx_word' id='word_1_527' title='bbox 2095 4592 2274 4684; x_wconf 88' lang='lat' dir='ltr'><strong>percipere</strong></span> 
     </span>
     <span class='ocr_line' id='line_1_82' title="bbox 252 4691 2277 4811; baseline 0.001 -29"><span class='ocrx_word' id='word_1_528' title='bbox 252 4722 345 4782; x_wconf 81' lang='lat' dir='ltr'><strong>certa</strong></span> <span class='ocrx_word' id='word_1_529' title='bbox 374 4735 446 4782; x_wconf 89' lang='lat' dir='ltr'><strong>esse</strong></span> <span class='ocrx_word' id='word_1_530' title='bbox 470 4713 556 4782; x_wconf 88' lang='lat' dir='ltr'><strong>anni</strong></span> <span class='ocrx_word' id='word_1_531' title='bbox 578 4713 712 4805; x_wconf 85' lang='lat' dir='ltr'><strong>spacia,</strong></span> <span class='ocrx_word' id='word_1_532' title='bbox 744 4728 779 4784; x_wconf 90' lang='lat' dir='ltr'><strong>et</strong></span> <span class='ocrx_word' id='word_1_533' title='bbox 798 4712 997 4784; x_wconf 91' lang='lat' dir='ltr'><strong>doctrinam</strong></span> <span class='ocrx_word' id='word_1_534' title='bbox 1019 4714 1063 4780; x_wconf 92' lang='lat' dir='ltr'><strong>de</strong></span> <span class='ocrx_word' id='word_1_535' title='bbox 1083 4711 1235 4782; x_wconf 87' lang='lat' dir='ltr'><strong>motibus</strong></span> <span class='ocrx_word' id='word_1_536' title='bbox 1286 4691 2125 4811; x_wconf 47' lang='grc' dir='ltr'><strong>Ρο1511111ἀ1111111111101113Ρ1111111111111191111111ῑῦ</strong></span> <span class='ocrx_word' id='word_1_537' title='bbox 2142 4693 2277 4783; x_wconf 63' lang='grc'><strong>1111161</strong></span> 
     </span>
     <span class='ocr_line' id='line_1_83' title="bbox 252 4790 2276 4912; baseline -0.001 -30"><span class='ocrx_word' id='word_1_538' title='bbox 252 4813 460 4886; x_wconf 91' lang='lat' dir='ltr'><strong>coelestibus</strong></span> <span class='ocrx_word' id='word_1_539' title='bbox 481 4829 615 4900; x_wconf 87' lang='lat' dir='ltr'><strong>servat,</strong></span> <span class='ocrx_word' id='word_1_540' title='bbox 639 4838 686 4884; x_wconf 92' lang='lat' dir='ltr'><strong>ne</strong></span> <span class='ocrx_word' id='word_1_541' title='bbox 707 4835 884 4884; x_wconf 86' lang='lat' dir='ltr'><strong>annorum</strong></span> <span class='ocrx_word' id='word_1_542' title='bbox 904 4813 1110 4894; x_wconf 84' lang='lat' dir='ltr'><strong>discrimina</strong></span> <span class='ocrx_word' id='word_1_543' title='bbox 1132 4812 1234 4885; x_wconf 83' lang='lat' dir='ltr'><strong>amit-</strong></span> <span class='ocrx_word' id='word_1_544' title='bbox 1286 4809 1400 4912; x_wconf 65' lang='lat' dir='ltr'><strong>cfll&#39;ffl·</strong></span> <span class='ocrx_word' id='word_1_545' title='bbox 1451 4790 2276 4912; x_wconf 58' lang='grc'><strong>111111111811111011111111111111111118111111·</strong></span> 
     </span>
     <span class='ocr_line' id='line_1_84' title="bbox 250 4894 2276 5014; baseline 0.003 -52"><span class='ocrx_word' id='word_1_546' title='bbox 250 4925 388 4998; x_wconf 52' lang='lat' dir='ltr'><strong>tantur,</strong></span> <span class='ocrx_word' id='word_1_547' title='bbox 413 4917 457 4988; x_wconf 55' lang='grc' dir='ltr'><strong>,ἢ</strong></span> <span class='ocrx_word' id='word_1_548' title='bbox 477 4918 582 4988; x_wconf 52' lang='lat' dir='ltr'><strong>egam</strong></span> <span class='ocrx_word' id='word_1_549' title='bbox 605 4939 709 4989; x_wconf 63' lang='lat' dir='ltr'><strong>cum</strong></span> <span class='ocrx_word' id='word_1_550' title='bbox 732 4909 859 4990; x_wconf 61' lang='lat' dir='ltr'>harum</span> <span class='ocrx_word' id='word_1_551' title='bbox 880 4915 1010 4988; x_wconf 56' lang='lat' dir='ltr'><strong>„pium</strong></span> <span class='ocrx_word' id='word_1_552' title='bbox 1027 4912 1234 5004; x_wconf 55' lang='lat' dir='ltr'><strong>professori.</strong></span> <span class='ocrx_word' id='word_1_553' title='bbox 1285 4910 1371 5014; x_wconf 66' lang='lat' dir='ltr'><strong>troc,</strong></span> <span class='ocrx_word' id='word_1_554' title='bbox 1392 4898 1487 5013; x_wconf 84' lang='lat' dir='ltr'><strong>quod</strong></span> <span class='ocrx_word' id='word_1_555' title='bbox 1504 4918 1618 4966; x_wconf 77' lang='lat' dir='ltr'><strong>marus</strong></span> <span class='ocrx_word' id='word_1_556' title='bbox 1636 4909 1669 4966; x_wconf 92' lang='lat' dir='ltr'><strong>et</strong></span> <span class='ocrx_word' id='word_1_557' title='bbox 1684 4917 1917 4990; x_wconf 83' lang='lat' dir='ltr'><strong>pernrcrosrus</strong></span> <span class='ocrx_word' id='word_1_558' title='bbox 1931 4894 2065 4964; x_wconf 90' lang='lat' dir='ltr'><strong>malum</strong></span> <span class='ocrx_word' id='word_1_559' title='bbox 2081 4911 2144 4984; x_wconf 89' lang='lat' dir='ltr'><strong>est,</strong></span> <span class='ocrx_word' id='word_1_560' title='bbox 2167 4921 2276 4992; x_wconf 85' lang='lat' dir='ltr'><strong>quam</strong></span> 
     </span>
     <span class='ocr_line' id='line_1_85' title="bbox 250 5013 2320 5107; baseline -0.001 -20"><span class='ocrx_word' id='word_1_561' title='bbox 250 5015 337 5096; x_wconf 91' lang='lat' dir='ltr'><strong>bus,</strong></span> <span class='ocrx_word' id='word_1_562' title='bbox 370 5025 412 5086; x_wconf 91' lang='lat' dir='ltr'><strong>ut</strong></span> <span class='ocrx_word' id='word_1_563' title='bbox 435 5029 554 5090; x_wconf 81' lang='lat' dir='ltr'><strong>extent</strong></span> <span class='ocrx_word' id='word_1_564' title='bbox 574 5017 786 5090; x_wconf 89' lang='lat' dir='ltr'><strong>Calendaria</strong></span> <span class='ocrx_word' id='word_1_565' title='bbox 814 5033 952 5098; x_wconf 88' lang='lat' dir='ltr'><strong>annua,</strong></span> <span class='ocrx_word' id='word_1_566' title='bbox 982 5028 1017 5088; x_wconf 90' lang='lat' dir='ltr'><strong>et</strong></span> <span class='ocrx_word' id='word_1_567' title='bbox 1037 5013 1233 5107; x_wconf 84' lang='lat' dir='ltr'><strong>Eclipsium</strong></span> <span class='ocrx_word' id='word_1_568' title='bbox 1284 5013 1436 5092; x_wconf 74' lang='grc'><strong>1111111111·</strong></span> <span class='ocrx_word' id='word_1_569' title='bbox 1517 5063 1521 5077; x_wconf 81' lang='grc'><em>.</em></span> <span class='ocrx_word' id='word_1_570' title='bbox 2099 5037 2103 5044; x_wconf 95' lang='grc'><strong><em>·</em></strong></span> <span class='ocrx_word' id='word_1_571' title='bbox 2311 5083 2320 5098; x_wconf 77' lang='grc'><strong>,</strong></span> 
     </span>
     <span class='ocr_line' id='line_1_86' title="bbox 249 5111 2277 5212; baseline 0 -26"><span class='ocrx_word' id='word_1_572' title='bbox 249 5117 496 5190; x_wconf 88' lang='lat' dir='ltr'><strong>indicationes.</strong></span> <span class='ocrx_word' id='word_1_573' title='bbox 543 5115 598 5190; x_wconf 86' lang='lat' dir='ltr'><strong>Ao</strong></span> <span class='ocrx_word' id='word_1_574' title='bbox 621 5121 769 5212; x_wconf 82' lang='lat' dir='ltr'><strong>siquod</strong></span> <span class='ocrx_word' id='word_1_575' title='bbox 792 5119 939 5210; x_wconf 89' lang='lat' dir='ltr'><strong>opnsin</strong></span> <span class='ocrx_word' id='word_1_576' title='bbox 963 5135 1004 5188; x_wconf 86' lang='lat' dir='ltr'><strong>eo</strong></span> <span class='ocrx_word' id='word_1_577' title='bbox 1020 5137 1146 5207; x_wconf 90' lang='lat' dir='ltr'><strong>genere</strong></span> <span class='ocrx_word' id='word_1_578' title='bbox 1160 5117 1233 5187; x_wconf 83' lang='lat' dir='ltr'><strong>ela-</strong></span> <span class='ocrx_word' id='word_1_579' title='bbox 1291 5173 1295 5178; x_wconf 93' lang='lat'>.</span> <span class='ocrx_word' id='word_1_580' title='bbox 1385 5111 1489 5198; x_wconf 89' lang='lat' dir='ltr'><strong>Ordo</strong></span> <span class='ocrx_word' id='word_1_581' title='bbox 1511 5127 1630 5187; x_wconf 90' lang='lat' dir='ltr'><strong>autem</strong></span> <span class='ocrx_word' id='word_1_582' title='bbox 1650 5117 1834 5188; x_wconf 83' lang='lat' dir='ltr'><strong>assuefacit</strong></span> <span class='ocrx_word' id='word_1_583' title='bbox 1857 5111 2026 5188; x_wconf 86' lang='lat' dir='ltr'><strong>homines</strong></span> <span class='ocrx_word' id='word_1_584' title='bbox 2042 5117 2087 5188; x_wconf 90' lang='lat' dir='ltr'><strong>ad</strong></span> <span class='ocrx_word' id='word_1_585' title='bbox 2112 5115 2277 5208; x_wconf 88' lang='lat' dir='ltr'><strong>discipli-</strong></span> 
     </span>
     <span class='ocr_line' id='line_1_87' title="bbox 250 5217 2277 5311; baseline -0.001 -21"><span class='ocrx_word' id='word_1_586' title='bbox 250 5219 430 5304; x_wconf 87' lang='lat' dir='ltr'><strong>borarint,</strong></span> <span class='ocrx_word' id='word_1_587' title='bbox 455 5217 730 5292; x_wconf 85' lang='lat' dir='ltr'><strong>curetDecanus</strong></span> <span class='ocrx_word' id='word_1_588' title='bbox 752 5237 793 5293; x_wconf 93' lang='lat' dir='ltr'><strong>ut</strong></span> <span class='ocrx_word' id='word_1_589' title='bbox 814 5219 1017 5311; x_wconf 88' lang='lat' dir='ltr'><strong>depublico</strong></span> <span class='ocrx_word' id='word_1_590' title='bbox 1031 5219 1234 5294; x_wconf 82' lang='lat' dir='ltr'><strong>munusdc·</strong></span> <span class='ocrx_word' id='word_1_591' title='bbox 1285 5239 1386 5300; x_wconf 88' lang='lat' dir='ltr'><strong>nam,</strong></span> <span class='ocrx_word' id='word_1_592' title='bbox 1420 5219 1531 5310; x_wconf 73' lang='lat' dir='ltr'><strong>pt&#39;ad</strong></span> <span class='ocrx_word' id='word_1_593' title='bbox 1560 5217 1860 5297; x_wconf 81' lang='lat' dir='ltr'><strong>moderationem,</strong></span> <span class='ocrx_word' id='word_1_594' title='bbox 1895 5231 1929 5288; x_wconf 94' lang='lat' dir='ltr'><strong>et</strong></span> <span class='ocrx_word' id='word_1_595' title='bbox 1956 5218 2055 5290; x_wconf 88' lang='lat' dir='ltr'><strong>iuvat</strong></span> <span class='ocrx_word' id='word_1_596' title='bbox 2088 5217 2277 5296; x_wconf 87' lang='lat' dir='ltr'><strong>discentes,</strong></span> 
     </span>
     <span class='ocr_line' id='line_1_88' title="bbox 249 5315 2276 5418; baseline 0.001 -28"><span class='ocrx_word' id='word_1_597' title='bbox 249 5333 309 5392; x_wconf 92' lang='lat' dir='ltr'><strong>tur</strong></span> <span class='ocrx_word' id='word_1_598' title='bbox 323 5322 459 5394; x_wconf 84' lang='lat' dir='ltr'><strong>artifici.</strong></span> <span class='ocrx_word' id='word_1_599' title='bbox 511 5319 703 5412; x_wconf 87' lang='lat' dir='ltr'><strong>Praecipue</strong></span> <span class='ocrx_word' id='word_1_600' title='bbox 716 5321 811 5392; x_wconf 89' lang='lat' dir='ltr'><strong>enim</strong></span> <span class='ocrx_word' id='word_1_601' title='bbox 827 5345 892 5392; x_wconf 90' lang='lat' dir='ltr'><strong>nos</strong></span> <span class='ocrx_word' id='word_1_602' title='bbox 907 5321 969 5415; x_wconf 91' lang='lat' dir='ltr'><strong>qui</strong></span> <span class='ocrx_word' id='word_1_603' title='bbox 983 5315 1233 5410; x_wconf 86' lang='lat' dir='ltr'><strong>Philosophiae</strong></span> <span class='ocrx_word' id='word_1_604' title='bbox 1286 5315 1369 5389; x_wconf 90' lang='lat' dir='ltr'><strong>ldeo</strong></span> <span class='ocrx_word' id='word_1_605' title='bbox 1393 5319 1672 5412; x_wconf 86' lang='lat' dir='ltr'><strong>adolescentibus</strong></span> <span class='ocrx_word' id='word_1_606' title='bbox 1693 5333 1933 5418; x_wconf 75' lang='lat' dir='ltr'><strong>praeceptores</strong></span> <span class='ocrx_word' id='word_1_607' title='bbox 1949 5319 2276 5406; x_wconf 74' lang='lat' dir='ltr'><strong>rectudislribuant</strong></span> 
     </span>
     <span class='ocr_line' id='line_1_89' title="bbox 248 5417 2277 5510; baseline 0.001 -19"><span class='ocrx_word' id='word_1_608' title='bbox 248 5424 363 5497; x_wconf 88' lang='lat' dir='ltr'><strong>studia</strong></span> <span class='ocrx_word' id='word_1_609' title='bbox 386 5423 553 5510; x_wconf 89' lang='lat' dir='ltr'><strong>colimus,</strong></span> <span class='ocrx_word' id='word_1_610' title='bbox 580 5435 614 5496; x_wconf 91' lang='lat' dir='ltr'><strong>et</strong></span> <span class='ocrx_word' id='word_1_611' title='bbox 628 5417 692 5493; x_wconf 91' lang='lat' dir='ltr'><strong>has</strong></span> <span class='ocrx_word' id='word_1_612' title='bbox 708 5435 799 5496; x_wconf 89' lang='lat' dir='ltr'><strong>artes</strong></span> <span class='ocrx_word' id='word_1_613' title='bbox 813 5417 1110 5501; x_wconf 78' lang='lat' dir='ltr'><strong>honoreadficcre</strong></span> <span class='ocrx_word' id='word_1_614' title='bbox 1125 5423 1233 5506; x_wconf 82' lang='lat' dir='ltr'><strong>decet,</strong></span> <span class='ocrx_word' id='word_1_615' title='bbox 1284 5433 1441 5510; x_wconf 85' lang='lat' dir='ltr'><strong>tempora</strong></span> <span class='ocrx_word' id='word_1_616' title='bbox 1473 5421 1694 5505; x_wconf 83' lang='lat' dir='ltr'><strong>studiorum,</strong></span> <span class='ocrx_word' id='word_1_617' title='bbox 1728 5419 1859 5500; x_wconf 80' lang='lat' dir='ltr'><strong>sibiet</strong></span> <span class='ocrx_word' id='word_1_618' title='bbox 1887 5421 2014 5501; x_wconf 63' lang='lat' dir='ltr'><strong>somni,</strong></span> <span class='ocrx_word' id='word_1_619' title='bbox 2074 5419 2155 5504; x_wconf 72' lang='lat' dir='ltr'><strong>Non</strong></span> <span class='ocrx_word' id='word_1_620' title='bbox 2187 5446 2277 5496; x_wconf 87' lang='lat' dir='ltr'><strong>con-</strong></span> 
     </span>
    </p>
   </div>
   <div class='ocr_carea' id='block_1_18' title="bbox 0 0 2446 5941">
    <p class='ocr_par' dir='ltr' id='par_1_20' title="bbox 0 0 2446 5941">
     <span class='ocr_line' id='line_1_90' title="bbox 0 0 2446 5941; baseline 0 0"><span class='ocrx_word' id='word_1_621' title='bbox 0 0 2446 5941; x_wconf 95' lang='lat' dir='ltr'><strong> </strong></span> 
     </span>
    </p>
   </div>
  </div>
 </body>
</html>
