4906 5986
94 187 140 260 n
263 164 723 266 arrsroutnuu,
758 167 1132 254 wermonon
1156 165 1240 268 ¹nr
1272 119 1676 244 scarrronuu
1726 165 1964 241 crn.x1v.
2084 163 2134 235 aa

98 349 258 448 αἰσχρὸν
275 343 535 448 ἀνθρώποισιν
551 343 718 443 ἀλλήλων
734 341 845 438 κακὰ,
864 346 983 440 inquit
996 338 1095 413 The·
1142 363 1224 408 nem
1248 363 1311 430 ego
1329 339 1447 410 iudico
1464 338 1664 408 molliorem
1682 362 1773 418 esse,
1799 363 1863 407 nec
1878 336 2076 418 contendo,
2102 332 2134 400 si

98 480 180 526 sens
202 457 295 546 apud
312 451 541 545 Euripidem,
573 455 742 522 cadavera
765 449 974 540 Principum
995 445 1104 514 sanie·
1141 442 1222 534 quis
1238 441 1420 520 dissentit,
1446 455 1550 534 teque
1567 436 1746 508 haedere
1761 440 2009 532 pontentiones
2024 436 2134 508 ornit-

99 558 205 649 plena
223 557 381 630 abluens.
417 554 538 644 Quare
554 568 588 624 te
602 577 814 644 magnopere
831 575 909 636 oro,
930 573 976 618 ne
991 569 1093 635 aegre
1139 556 1213 612 tere
1235 545 1329 612 volo.
1382 541 1609 612 Ptolomaeus
1633 542 1671 610 in
1687 540 1847 610 Homero
1869 541 1996 610 maluit
2016 539 2132 628 legere

98 660 191 730 ieras
212 661 256 728 ad
279 671 313 728 te
339 657 447 728 scribi
469 657 513 724 de
537 649 605 725 hoc
625 656 772 726 molesto
795 653 947 742 negotio.
997 647 1092 718 Puer
1139 639 1242 724 aior,
1269 667 1348 714 cum
1366 641 1598 716 Grammatici
1623 644 1776 732 legerent
1798 643 1869 717 ἰὀν.
1922 641 1994 726 Nec
2014 642 2133 724 credo,
2192 679 2196 686 ·

100 773 171 844 est,
197 773 301 829 natus
318 756 472 828 Doctore
489 755 522 826 T
525 753 724 846 heologiae,
752 771 890 848 pastore
912 750 1091 824 Ecclesiae
1137 759 1324 838 propterea
1343 746 1590 834 grammaticos
1606 747 1818 816 seditionem
1837 744 2000 814 movisse.
2051 736 2133 812 Ob-

100 853 283 932 Celiensis
307 861 346 930 in
361 857 803 948 DucatuLuneburgensi,
835 857 913 925 viro
939 850 1090 923 honesto
1137 871 1253 933 secro,
1279 864 1320 919 ut
1343 847 1568 918 concordiam
1593 861 1629 918 et
1652 847 1946 940 tranquillitatem
1971 867 2133 914 commu-

100 978 136 1035 et
157 985 323 1056 paupere.
374 959 467 1032 Cum
493 974 610 1030 autem
633 959 741 1052 longo
762 961 831 1030 iam
854 957 1090 1048 ternporede-
1137 973 1219 1018 nem
1251 949 1400 1041 privatis
1432 949 1617 1020 affectibus
1649 949 1864 1024 anteieratis.
1914 945 2013 1028 Bene
2039 945 2157 1016 vale.'

1 2532 3 2537 Ι
115 2549 183 2622 No.
201 2545 313 2621 7060.

98 1065 272 1136 formatos
295 1064 340 1134 sit
361 1063 463 1134 tetris
484 1062 683 1148 ulceribus,
718 1064 900 1134 adducunt
922 1081 1002 1127 eum
1027 1055 1089 1126 Li·
1135 1047 1279 1125 Dices.
1295 1049 1430 1122 Martii.

97 1167 212 1258 psiam
239 1165 453 1258 propinqui,
490 1176 532 1234 ut
553 1164 763 1256 inspiciatur
782 1187 822 1234 ac
844 1161 1021 1232 iudicetur
1043 1180 1088 1226 an
1190 1191 1191 1196 κ

30 1269 33 1275 ’
87 1271 147 1338 -sit
169 1267 297 1358 Lepre.
354 1265 480 1338 Nescio
505 1289 552 1334 an
577 1266 746 1337 usitatum
771 1266 816 1335 sit
840 1259 1088 1342 isticiudicari

98 1366 194 1442 hanc
217 1393 310 1450 rem,
342 1382 405 1440 aut
426 1367 489 1462 qui
515 1368 684 1448 iudicent.
735 1366 789 1436 Te
810 1365 920 1455 igitur
941 1386 1025 1448 oro,
1049 1375 1090 1432 ut

99 1467 179 1557 his,
204 1471 267 1566 qui
282 1495 432 1562 puerum
448 1471 641 1554 adducunt,
667 1493 733 1560 pro
746 1483 807 1539 tua
821 1465 949 1537 eximia
963 1461 1090 1532 huma-

100 1574 231 1658 nitate,
260 1571 394 1641 indices
418 1571 577 1660 collegii,
617 1585 651 1641 et
673 1572 773 1640 urbis
796 1583 930 1640 vestrae
952 1587 1087 1634 morem

98 1671 167 1744 hac
188 1675 226 1742 in
249 1699 304 1760 re,
336 1687 370 1743 et
389 1675 419 1742 si
442 1673 610 1742 usitatum
633 1685 685 1740 est
708 1659 785 1742 istic
808 1669 988 1763 aliquibus
1004 1662 1091 1734 haec

101 1777 277 1858 iudicare,
304 1797 457 1866 exponas
473 1775 557 1866 quid
577 1774 750 1862 agendum
768 1775 817 1842 eis
835 1771 890 1864 sit.
929 1767 1091 1838 Veniunt

102 1891 143 1947 ut
161 1873 333 1968 hospites,
353 1875 466 1966 ignari
486 1870 611 1942 harum
628 1897 758 1944 rerum.
810 1870 889 1960 Oro
905 1869 1025 1960 igitur,
1050 1883 1092 1937 ut

102 1979 142 2047 in
160 1993 256 2049 tanta
272 1979 374 2070 pueri
389 1976 527 2044 miseria
553 1971 752 2067 hospitibus
774 1975 923 2045 comiter
944 1994 1092 2062 respon-

13 2131 28 2158 .
101 2083 198 2154 deas.
237 2077 334 2148 Bene
351 2094 385 2150 et
401 2077 552 2148 feliciter
568 2077 663 2162 vale,
688 2075 756 2148 Vir
770 2076 984 2148 doctissime.
1017 2070 1092 2142 No·

100 2183 159 2251 nis
174 2182 452 2273 Septembribus.

929 2559 989 2620 aa.
1005 2547 1095 2611 ltlerr.

103 2649 313 2683 Μ
847 2635 851 2646 ’
926 2638 1094 2665 Μ

456 2743 523 2828 lo.
555 2745 746 2857 Sagara.

174 2908 249 2978 †Er
265 2924 361 2989 spogr·
375 2906 403 2960 in
417 2908 479 2962 cod.
493 2905 579 2961 Paris.
597 2907 634 2962 D.
646 2905 677 2964 1..
693 2907 762 2964 ⁵4¹.
794 2935 822 2948 -
859 2903 1003 2964 Decenaio
1023 2913 1096 2960 serto

208 2977 291 3033 secoli
308 2977 349 3032 16.
362 2977 462 3046 scripte
476 2985 525 3030 cst.

35 3173 39 3180 ·
106 3131 333 3208 Clarissimo
350 3136 446 3217 viro,
471 3127 673 3204 eruditione
687 3143 718 3204 et
733 3132 863 3204 virtute
877 3133 1096 3229 praestanti,

108 3235 165 3312 D.
184 3233 357 3308 loanni
371 3233 566 3330 Sagara,
590 3231 732 3306 docenti
747 3233 918 3331 linguam
934 3234 1096 3306 latinam

107 3351 140 3412 et
154 3361 325 3434 graecam
348 3336 387 3408 in
409 3336 553 3432 inclyta
578 3335 666 3410 urbe
686 3335 730 3412 V
725 3336 947 3420 ratislavs'a,
978 3336 1098 3408 amieo

146 3477 148 3484 a
565 3463 643 3512 sua.

108 3577 159 3666 S.
185 3593 229 3664 [t.
279 3589 468 3662 Carissime
485 3585 634 3686 Sagen.
678 3589 790 3664 Ludit
806 3585 995 3660 Erasmus
1011 3591 1099 3662 scri-

108 3697 217 3779 bens,
249 3691 424 3764 Cadmum
459 3695 681 3764 inventorem
716 3694 897 3765 literarum
932 3695 1099 3786 sparsisse

109 3799 233 3866 dentes
257 3793 431 3864 Draconis
452 3795 490 3863 in
515 3810 665 3880 terram,
696 3793 733 3864 id
756 3807 807 3863 est
828 3795 957 3866 literas.
1009 3791 1098 3862 lnde

108 3897 348 3968 diciturnata
376 3919 472 3986 seges
496 3909 713 3968 armatorum
739 3897 834 3967 inter
859 3919 896 3964 se
925 3895 1100 3966 dimican-

107 4001 211 4074 tium.
262 3996 340 4068 Etsi
364 4021 489 4088 magna
508 4013 591 4069 sunt
609 3999 790 4069 literarum
811 3999 1020 4078 certamina,
1047 4011 1099 4068 ta-

111 4125 194 4169 men
208 4113 243 4170 te
258 4095 400 4186 hortor,
426 4113 467 4170 ut
483 4115 595 4170 taceas
610 4101 746 4190 potius,
772 4101 801 4170 s'i
820 4101 899 4194 quis
924 4113 958 4168 te
978 4123 1100 4188 repre-

111 4197 263 4285 hendat,
290 4225 394 4295 quam
410 4215 451 4272 ut
467 4225 609 4271 moveas
627 4217 821 4282 certamen,
842 4203 938 4271 unde
952 4199 1097 4269 dissidia

111 4317 147 4374 ct
162 4304 243 4372 odia
259 4303 346 4373 oriri
367 4327 465 4394 posse
481 4304 709 4374 videbuntur.
750 4301 866 4373 Multa
881 4317 964 4374 suut
980 4302 1100 4393 publi-

100 4427 171 4481 cae
185 4405 438 4498 tranquillitati
454 4407 701 4475 condonanda.
752 4399 797 4474 Et
813 4429 932 4494 saepe,
958 4419 998 4474 ut
1012 4401 1098 4472 Pin·

111 4511 218 4578 damas
233 4507 363 4600 inquit,
384 4529 491 4596 parva
508 4507 661 4577 scintilla
675 4529 838 4596 magnam
853 4507 987 4601 sylvam
1001 4531 1101 4574 com-

110 4609 220 4680 burit.
273 4605 349 4698 Ego
366 4608 533 4678 usitatum
551 4631 749 4678 sermonem
768 4631 866 4692 amo,
893 4631 958 4676 nec
979 4608 1098 4678 omnia

1647 1163 1836 1260 Philippus
1853 1161 2079 1240 Melanthon.

1985 1563 2131 1637 hillen.

1954 1691 1960 1698 ‚
1994 1663 2129 1692 M

1439 1769 1552 1858 Iasi.
1579 1769 1828 1860 saroterra.

1208 1955 1227 2020 †
1246 1948 1284 2004 Es
1296 1965 1390 2022 apogr.
1403 1948 1431 2004 iu
1445 1950 1508 2006 cod.
1521 1948 1604 2006 Goth.
1616 1949 1677 2006 212
1696 1969 1723 2022 p.
1738 1949 1797 2004 106.

1150 1564 1217 1639 No.
1236 1566 1349 1636 70³1.

1143 1662 1356 1702 Μ

1140 2115 1341 2220 Philippus
1355 2113 1584 2190 Melanthos
1610 2115 1637 2189 I
1645 2129 1749 2192 usto
1765 2113 1914 2192 Sahal
1920 2115 1938 2188 l
1944 2141 1960 2188 e
1971 2140 2036 2202 ro,
2063 2109 2135 2184 civi

1345 2213 1541 2318 Cygnaeo,
1567 2222 1784 2304 amicosne,
1817 2221 1855 2298 S.
1878 2217 1927 2326 Ι).Ι

1141 2361 1299 2468 Semper
1318 2377 1356 2444 in
1374 2391 1562 2466 conspectu
1580 2376 1685 2444 bonis
1699 2378 1881 2446 mentibus
1900 2371 1985 2444 haec
2003 2365 2133 2440 Plato-

1141 2479 1202 2548 ais
1226 2470 1399 2548 sententia
1423 2499 1496 2545 esse
1520 2479 1686 2558 debebat,
1721 2479 1885 2576 videlicet
1912 2485 2064 2570 gratam
2088 2465 2134 2540 de

1140 2578 1223 2650 Deo
1232 2581 1387 2678 samam
1405 2577 1444 2646 irs
1461 2576 1606 2647 artibus
1621 2601 1794 2673 sparsam
1815 2602 1907 2664 esse,
1941 2601 2028 2671 qnas
2050 2573 2133 2668 qui-

1081 2707 1084 2717 *
1142 2686 1223 2753 dem
1239 2685 1268 2751 si
1284 2683 1516 2770 cogitaremus
1532 2693 1567 2749 et
1581 2681 1645 2750 Dei
1663 2682 1702 2748 in
1717 2682 1820 2750 nobis
1837 2703 1943 2772 opera
1960 2693 1995 2750 et
2010 2677 2133 2768 aliquo

1143 2787 1250 2854 modo
1273 2797 1376 2854 testes
1400 2783 1444 2850 de
1466 2780 1541 2850 Deo
1566 2803 1659 2866 esse,
1684 2783 1796 2871 magis
1818 2784 1921 2851 etiam
1943 2801 2133 2848 venerare-

1142 2910 1235 2960 mur.
1269 2885 1387 2974 Qnam
1404 2883 1554 2952 illustria
1572 2883 1770 2952 testimonia
1789 2897 1871 2952 sunt
1887 2885 1930 2950 de
1944 2880 2020 2952 Deo
2038 2881 2135 2966 leges

1144 3003 1291 3056 naturae
1312 2989 1351 3055 in
1374 2985 1553 3054 mentibus
1574 2981 1777 3068 hominurn,
1810 3009 1899 3077 quae
1928 3001 2132 3053 commone-

1142 3089 1277 3159 faciunt
1299 3111 1364 3158 nos
1380 3111 1452 3155 non
1472 3087 1605 3170 solum,
1631 3101 1671 3156 ut
1683 3110 1758 3156 esse
1773 3085 1886 3156 Deum
1904 3099 2056 3156 mentem
2073 3103 2132 3150 ae·

1143 3205 1301 3274 ternam,
1325 3189 1485 3279 opificem
1502 3211 1618 3256 rerum
1633 3201 1844 3272 statuamus,
1868 3189 1928 3256 sed
1947 3187 2051 3256 etiarn
2066 3185 2135 3254 do-

1144 3306 1245 3374 cent,
1287 3291 1403 3384 qualis
1429 3290 1475 3360 sit
1501 3287 1615 3374 Deus,
1655 3289 1787 3358 scilicet
1812 3290 1984 3381 sapiens,¹
2011 3287 2136 3368 iustus,

1144 3397 1233 3464 dans
1243 3393 1403 3486 ¹aequalia
1420 3391 1643 3482 aequalibus,
1665 3393 1859 3474 beneficus,
1877 3413 1994 3473 verax,
2013 3407 2137 3457 amans

1145 3495 1351 3566 castitatem.
1404 3493 1455 3561 lta
1472 3488 1705 3564 Arithmetica
1723 3493 1820 3564 testis
1839 3507 1901 3576 est,
1927 3490 2043 3561 Deum
2061 3511 2136 3558 esse

1145 3609 1299 3666 rnentem
1331 3594 1585 3684 iutelligentem
1610 3594 1758 3666 ordinis.
1820 3592 1861 3663 ln
1889 3591 2026 3664 Musica
2049 3613 2135 3659 vero

1146 3722 1225 3768 curn
1250 3695 1388 3766 ordinis
1408 3707 1442 3764 et
1455 3697 1727 3785 proportionum
1743 3695 1904 3764 doctrina
1921 3690 2031 3777 inest,
2057 3703 2135 3762 tum

1146 3823 1230 3869 vero
1246 3799 1399 3890 quadam
1414 3796 1602 3888 peculiaris
1617 3799 1669 3868 vis
1684 3799 1835 3881 accedit,
1855 3799 1952 3892 quod
1970 3793 2136 3864 videlicet

1145 3895 1226 3971 curn
1246 3899 1335 3968 aliae
1358 3922 1414 3967 res
1438 3921 1627 3988 corporeae
1647 3924 1720 3970 non
1738 3913 1884 3990 tangant
1899 3911 2055 3984 mentes,
2081 3905 2135 3965 ts-

1146 4025 1229 4072 men
1263 3995 1471 4069 harmoniae
1503 4000 1656 4070 musicae
1689 4025 1814 4070 vocum
1846 3999 2058 4070 mirabiliter
2082 3998 2137 4066 l'e-

1146 4099 1265 4186 riunt,
1290 4115 1452 4172 recusant
1467 4101 1614 4173 animos.
1665 4099 1828 4195 Denique
1843 4125 2006 4192 magnam
2021 4099 2136 4171 varie·

1146 4219 1251 4276 tatem
1275 4218 1437 4273 motuum
1464 4205 1501 4272 in
1526 4203 1656 4272 animis
1677 4205 1911 4288 exsuscitant,
1941 4227 2005 4273 nec
2031 4223 2137 4274 causa

1147 4307 1214 4378 alia
1238 4306 1428 4374 monstrari
1455 4317 1584 4394 potest,
1617 4304 1686 4374 nisi
1711 4308 1874 4396 cognatio
1899 4305 2029 4374 mentis
2052 4325 2135 4372 curn

1147 4410 1222 4501 ipsa
1244 4408 1514 4499 proportionum
1537 4407 1711 4480 doctrina.
1765 4407 1814 4477 lta
1841 4431 1919 4492 cum
1946 4407 1985 4474 in
2008 4403 2137 4473 ordine

1147 4533 1294 4593 vocnm,
1320 4524 1353 4578 et
1370 4510 1444 4600 ipsa
1461 4521 1577 4578 mente
1592 4503 1779 4578 hominurn
1799 4511 1964 4598 impressa
1983 4505 2055 4575 sint
2069 4503 2137 4576 Dei

1149 4613 1312 4701 vestigia,
1339 4608 1477 4680 Musica
1499 4613 1540 4678 ad
1558 4609 1621 4680 Dei
1646 4611 1961 4680 ¹considerationem
1985 4607 2138 4678 invitare

111 4734 154 4778 ex
179 4712 363 4800 poetarum
386 4709 491 4779 dictis
512 4712 755 4780 transferenda
782 4711 924 4778 suntad
941 4734 1100 4779 commu·
1148 4739 1214 4784 nos
1238 4713 1397 4782 debebat.
1451 4713 1501 4780 Ac
1517 4711 1679 4780 omniurn
1697 4727 1894 4802 temporum
1913 4704 2060 4781 historia
2076 4709 2136 4778 in.

113 4833 194 4880 nem
228 4833 439 4880 sermonem.
502 4809 595 4890 lllud
626 4825 762 4880 autern:
803 4833 963 4907 peragar
991 4808 1100 4880 vibice
1149 4816 1260 4899 dicat,
1293 4814 1477 4904 praecipue
1502 4815 1705 4883 attributam
1730 4837 1803 4882 esse
1825 4813 1945 4901 generi
1967 4811 2137 4892 humano,

114 4919 300 4996 cruentus,
323 4913 483 4982 existimo
501 4913 634 4984 dictum
656 4935 729 4981 esse
746 4913 877 4982 sorensi
899 4937 1017 4998 more,
1044 4927 1099 4982 ut:
1147 4931 1187 4987 ut
1203 4939 1267 5006 per
1281 4939 1356 4986 earn
1370 4915 1530 4990 doctrina
1549 4919 1592 4985 de
1608 4915 1683 4986 Deo
1699 4928 1928 5005 propagetur,
1954 4927 1992 4986 ut
2008 4915 2138 4984 arden·

110 5035 272 5114 peragar
290 5011 461 5110 publicus
477 5035 536 5084 ore
551 5033 633 5084 reas
642 5041 655 5091 ;
682 5028 721 5084 ut
738 5013 848 5083 vibice
865 5015 1038 5106 pertineat
1055 5017 1099 5084 ad
1148 5019 1256 5087 tiores
1298 5033 1414 5086 motus
1458 5018 1495 5084 in
1530 5017 1751 5086 auditoribus
1782 5017 1966 5086 doctrinae
1999 5015 2136 5086 efficiat.

111 5139 236 5186 vocem
259 5123 444 5200 cruentus,
469 5129 504 5186 et
522 5115 745 5212 peragar'sit
761 5119 914 5208 positum
929 5117 1100 5187 absolute.
1148 5123 1295 5210 Senrper
1324 5119 1419 5188 enirn
1450 5119 1534 5186 inde
1555 5141 1666 5209 usque
1690 5118 1734 5186 ab
1757 5117 1860 5187 initio
1883 5119 2008 5188 mnndi
2027 5117 2139 5186 sacris

110 5218 266 5308 Peragor
282 5231 321 5286 ut
332 5241 432 5286 reum
450 5218 599 5288 dicimus
617 5219 752 5310 peragi,
779 5243 818 5288 ac
832 5217 881 5288 sic
897 5235 1046 5309 peragar
1061 5234 1099 5286 ut
1148 5221 1275 5290 ritibns
1298 5236 1420 5290 cantus
1444 5215 1593 5286 adhibiti
1618 5233 1712 5292 sunt.
1768 5215 1979 5289 Aristoteles
2000 5231 2070 5287 tres
2086 5218 2137 5288 ais

111 5323 180 5391 sim
198 5321 312 5391 vibice
329 5333 507 5390 cruentus.
559 5317 661 5392 Hanc
675 5319 840 5416 syntaxin
858 5331 892 5390 et
904 5321 1099 5392 enarratio-
1148 5345 1222 5394 esse
1237 5325 1342 5410 lines,
1374 5337 1519 5414 propter
1539 5343 1628 5415 quos
1644 5319 1782 5393 Musica
1798 5317 1937 5392 homini
1954 5333 1989 5390 et
2002 5321 2084 5390 dats
2101 5331 2138 5393 et
