4906 5986
296 247 363 337 ’44
487 244 1468 342 ur1sroutnuu,1omcronouar
1500 187 1896 332 scaurorum
1928 254 2054 338 444.
2080 255 2178 336 4444.
2299 257 2351 332 44

314 435 465 505 colenda
480 445 549 512 est,
574 421 735 522 ἡδονήν,
763 419 934 498 παιδείαν
950 437 986 495 et
999 416 1204 519 κάθαρσιν.
1231 421 1308 493 Nee
1329 430 1448 564 ι14444
1477 427 1598 499 animo
1624 453 1716 516 4444,
1749 443 1782 502 41
1815 430 1968 522 cogitare
1992 443 2126 524 quanto
2151 431 2232 526 plus
2255 432 2347 502 boni

316 552 368 608 est
386 536 599 616 absurdum,
625 533 718 624 qoud
737 531 951 619 voluptatem
968 527 1163 596 1414414444
1181 547 1307 594 recen·
1350 556 1455 624 quam
1474 532 1559 600 mali
1578 526 1704 602 habeat
1720 531 1784 602 ista
1797 547 1858 604 tua
1876 533 2009 623 privata
2027 533 2111 618 vita,
2135 533 2173 601 in
2188 557 2257 627 qua
2275 534 2344 604 tibi

316 653 380 712 441.
442 622 1246 722 1741441144ιὶ44114444114444444414444144
1272 639 1309 695 41
1350 633 1460 702 latere
1486 657 1689 703 concessum
1713 647 1784 718 est,
1818 657 1884 704 nec
1907 628 2121 704 abstraheris
2136 637 2180 703 ad
2200 636 2343 728 publica

314 761 440 812 suaves
465 736 735 816 oblectationes,
766 734 804 800 in
826 733 1104 824 quibusnatura
1119 727 1306 816 defatigata
1352 733 1519 819 consilia,
1545 759 1635 827 qnae
1656 735 1732 824 regi
1756 759 1940 828 nunquam
1966 749 2064 805 tanta
2086 759 2171 805 eura
2192 751 2253 807 aut
2274 737 2344 822 1414

315 840 523 934 acquiescat.
549 837 685 908 Deinde
700 829 872 906 παιδείαν
886 845 998 916 vocat,
1024 831 1119 917 quod
1136 829 1306 914 studium,
1351 848 1520 928 possunt,
1552 837 1641 930 quin
1658 837 1796 929 aliquid
1811 837 1978 922 afferant,
2004 839 2103 929 quod
2119 851 2241 906 noceat
2256 862 2345 907 con.

314 957 356 1012 ut
380 941 527 1021 dicitur,
553 940 625 1024 abit
648 938 686 1006 in
712 961 837 1007 mores.
890 931 1001 1006 Fiunt
1016 931 1204 1020 dulcedine
1219 927 1306 998 Mu·
1352 937 1533 1012 scientiae,
1582 936 1644 1008 Nil
1667 938 1763 1006 enim
1784 939 1992 1028 flagitiosius
2014 955 2067 1008 441
2087 939 2264 1032 plerisque
2278 939 2342 1033 qui

191 1081 194 1089 ·
315 1046 404 1112 sices
435 1042 593 1110 mitiores
626 1054 663 1110 et
695 1039 796 1129 quasi
821 1037 996 1105 dulciores
1024 1033 1091 1124 ipsi
1117 1027 1304 1102 hominum
1353 1051 1589 1130 corrumpunt
1616 1039 1770 1110 aliorum
1792 1061 1876 1110 gana
1899 1040 2058 1114 coming,
2117 1037 2237 1128 Qum
2260 1065 2342 1110 cum

198 2763 202 2768 ’
311 2793 394 2837 nem
411 2768 670 2847 accommodas;
699 2767 791 2856 quod
811 2762 1033 2854 «milatium,
1058 2759 1148 2830 bene
1164 2779 1302 2824 meren-

315 1144 438 1228 animi,
458 1156 497 1212 nt
510 1134 682 1237 Orpheus
699 1140 830 1208 dicitur
846 1139 937 1206 14444
951 1136 1136 1230 sylvasque
1149 1133 1304 1206 traxisse
1353 1141 1579 1210 incommoda
1595 1155 1773 1232 supputes,
1794 1137 1861 1210 hoc
1880 1143 2105 1211 commodum
2120 1163 2344 1234 opponamus

314 1244 552 1317 Detesttssdlss
572 1257 624 1312 ⁸⁵²
647 1241 757 1330 igilur
780 1241 952 1328 ‚barbarus
974 1237 1112 1330 illeqssi
1132 1237 1241 1318 dixit,
1267 1257 1304 1302 ⁵²
1354 1244 1522 1310 omnibus
1541 1242 1828 1328 difficultatibus,
1863 1244 1960 1334 quod
1984 1257 2156 1336 quantum
2181 1243 2244 1328 sit,
2278 1268 2342 1335 ego
2436 1293 2437 1304 ,

314 1343 537 1418 hinnientem
556 1367 686 1436 equum
703 1343 824 1411 44441144
838 1341 963 1423 malle,
989 1362 1095 1429 quam
1110 1337 1303 1406 cantilenas
1354 1343 1425 1412 iam
1445 1365 1512 1414 usn
1534 1343 1668 1434 peritus
1690 1346 1822 1435 possim
1844 1343 1979 1430 dicere,
2011 1345 2042 1413 41
2065 1345 2152 1438 444141
2178 1345 2343 1416 4144111444
2436 1363 2437 1372 ’

312 1473 447 1520 stimma
466 1461 541 1516 arte
555 1459 590 1514 et
606 1445 778 1514 suavitate
795 1443 912 1514 factas.
947 1433 1322 1532 Kddnpowvocavit
1353 1459 1388 1514 te
1421 1445 1667 1518 existimarem.
1732 1443 1871 1515 Amabo
1905 1458 1958 1530 te,
1996 1445 2047 1516 mi
2071 1439 2344 1532 Bartolamnea,

311 1549 522 1624 Aristoteles
552 1547 669 1634 magui
696 1546 829 1614 doloris
851 1558 908 1612 aut
935 1544 1089 1612 aliorum
1113 1539 1301 1608 affectuum
1354 1571 1432 1616 ores
1447 1571 1511 1637 pro
1526 1546 1669 1638 publico
1684 1559 1794 1631 statu,
1819 1571 1947 1641 meque
1960 1571 2065 1622 ames·
2117 1543 2317 1623 Benevale·

310 1653 419 1724 nimis
435 1645 697 1717 vehementium
715 1645 982 1733 mitigationem.
1032 1639 1184 1712 Erudite
1207 1635 1302 1723 haec,

312 1767 353 1824 nt
375 1777 394 1822 a
419 1751 495 1820 viro
518 1751 738 1829 doctissimo,
765 1747 953 1830 distributa
976 1759 1077 1829 sunt;
1110 1743 1172 1810 sed
1192 1743 1302 1810 adda-

312 1877 392 1925 mus
414 1876 479 1922 4444
500 1846 595 1922 hunc
612 1853 737 1930 linem,
773 1863 811 1918 ut
829 1862 935 1917 cantu
951 1840 1204 1938 comprehensa
1219 1865 1302 1911 vera

311 1953 874 2044 414114441441414444444441444,
900 1962 1143 2032 conservetur,
1170 1959 1204 2015 et
1226 1967 1302 2012 ma·
1364 1941 1432 2015 No.
1447 1939 1562 2016 7033,

312 2061 387 2128 iore
402 2071 501 2126 motu
518 2057 556 2124 iu
572 2056 710 2123 animos
725 2051 945 2121 audientium
959 2049 1139 2121 illabatur.
1163 2044 1302 2118 Deinde
1362 2039 1574 2078 Μ

312 2169 354 2228 ex
375 2159 461 2248 ipsis
483 2157 642 2226 numeris
664 2169 697 2224 41
720 2149 916 2222 harmoniis
938 2151 1146 2240 cogitemus,
1185 2145 1301 2219 Deum
1414 2223 1417 2230 1
1499 2169 1504 2180 ·

311 2284 429 2331 amare
450 2261 613 2328 ordinem
635 2271 669 2327 41
691 2255 958 2345 congruentiam
981 2253 1019 2320 in
1046 2249 1145 2320 omni
1174 2249 1301 2318 411414.

309 2360 535 2434 Delectemur
555 2359 659 2428 etiam
684 2359 756 2448 ipsa
781 2356 969 2439 suavitate,
1000 2379 1080 2423 cum
1095 2351 1192 2420 Deus
1217 2350 1302 2418 velit

313 2463 415 2556 qnasi
437 2457 503 2530 hac
523 2461 697 2529 ambrosia
717 2458 862 2528 deliniri
882 2457 1029 2526 animos.
1083 2453 1202 2524 Tuum
1218 2475 1302 2518 vero
1353 2453 1676 2530 D.,Banediato
1701 2454 1971 2532 schamam,
1998 2457 2142 2535 docenti
2166 2459 2345 2562 Effinge.

313 2566 489 2646 studium,
526 2567 641 2644 Iuste,
679 2583 892 2650 magnopere
924 2559 1057 2650 probo,
1093 2553 1301 2646 praesertim
1355 2558 1448 2629 lium
1481 2555 1563 2630 Dei
1599 2559 1638 2630 in
1673 2557 1824 2632 Salt'nis
1857 2559 2076 2648 Saxonicis,
2119 2567 2239 2638 antico
2275 2592 2345 2639 suo

313 2669 408 2760 qnod
441 2662 610 2734 musicam
639 2665 683 2731 ad
710 2662 892 2732 doctrinae
917 2659 1054 2728 colestis
1077 2655 1301 2748 propagatio·
1781 2663 1911 2741 007155·

2177 1962 2236 2024 11·
2258 1953 2332 2019 Oct.

2167 2045 2339 2078 Μ

1615 2147 1789 2236 Bcned.
1812 2148 2083 2237 Sodomam.-

1421 2303 1459 2358 a:
1473 2301 1632 2378 apographo
1646 2305 1709 2362 4441.
1723 2305 1822 2364 navari
1840 2325 1868 2379 4.
1880 2305 1941 2364 679.
1956 2327 2031 2365 444444
2046 2307 2168 2381 primum
2183 2307 2262 2364 441114.

1354 2800 1402 2887 S·
1428 2811 1473 2884 D.
1525 2813 1679 2886 Partitns
1701 2839 1779 2887 44444
1802 2839 1911 2887 onera
1932 2817 2171 2892 iuvandarum
2188 2823 2343 2896 duorum

1355 2917 1517 3000 4444414444,
1549 2918 1611 3010 qui
1633 2941 1673 2986 444
1688 2917 1821 2989 Salinis
1841 2921 1886 2988 ad
1910 2943 1976 2988 nos
1993 2937 2173 2996 venerant.
2225 2923 2341 3006 Alteri

1355 3019 1449 3086 enim
1482 3017 1555 3106 ipse
1580 3019 1723 3107 interim
1747 3019 1865 3088 cibum
1887 3021 1988 3102 dedi,
2027 3021 2191 3118 (uxorem
2217 3028 2287 3097 41141
2314 3031 2344 3099 14

1355 3117 1528 3213 quaesivit
1546 3141 1609 3188 suo
1626 3115 1804 3216 consilio).
1837 3120 2001 3192 Alterum
2017 3127 2062 3194 ad
2079 3137 2112 3194 14
2129 3127 2219 3212 misi,
2247 3133 2342 3222 quod

1355 3243 1430 3290 non
1454 3242 1549 3290 eram
1570 3222 1744 3307 tacturus,
1779 3223 1808 3290 41
1832 3221 1991 3308 scissem,
2024 3225 2090 3296 tibi
2122 3228 2200 3297 1444
2230 3234 2342 3307 44441.

1356 3321 1425 3393 Sed
1442 3321 1490 3391 ita
1507 3334 1568 3395 441.
1620 3319 1738 3393 Etiam
1756 3321 1830 3392 4144
1847 3323 1988 3396 4141441
2004 3328 2181 3420 principes
2203 3327 2341 3404 Israeli-

1355 3423 1418 3494 tici
1438 3437 1499 3491 aut
1516 3423 1676 3508 Sidonii,
1704 3427 1765 3494 sed
1786 3425 1920 3496 misella
1948 3427 2056 3498 vidua
2080 3429 2118 3498 in
2136 3435 2341 3506 suburbano

1356 3525 1476 3618 aliquo
1491 3523 1734 3596 Sidoniorum.
1786 3524 1892 3596 Tales
1912 3529 1986 3598 1444
2006 3544 2089 3599 44441
2103 3533 2343 3629 eleemosynae

1356 3624 1544 3700 Ecclesiae.
1594 3623 1667 3695 Nec
1682 3624 1813 3698 Lasaro
1828 3629 1926 3700 dives
1940 3631 2078 3702 vicinus
2091 3634 2343 3726 opitulabatur,

381 3759 463 3830 Epio.
484 3755 532 3812 tib.
545 3755 578 3810 H·
597 3773 623 3826 p.
637 3753 701 3808 tta·
716 3752 769 3820 (ed.
786 3749 873 3806 Lond.
892 3751 940 3807 lp„
953 3749 986 3805 ῃ,
1005 3765 1048 3820 ⁸1²·
1062 3751 1143 3820 502),
1357 3727 1416 3795 sed
1434 3725 1558 3818 411444
1575 3727 1790 3819 pauperibus
1804 3731 1930 3800 collata
1945 3733 2070 3802 misere
2086 3735 2285 3826 iurabatur,
2312 3757 2346 3814 et

273 3849 276 3856 ·
1357 3829 1584 3900 curabatura
1607 3829 1765 3904 cauibus.
1823 3829 1921 3902 Scias
1943 3849 2079 3916 autem,
2113 3861 2170 3906 me
2193 3845 2343 3930 probare

1356 3931 1539 4018 ingenium
1562 3931 1615 4002 tui
1635 3933 1877 4018 conterranei,
1902 3948 1936 4004 et
1951 3961 2056 4028 qoam
2074 3938 2228 4029 primum
2244 3957 2346 4034 pote·

467 3923 522 4002 D.
544 3919 880 3997 Bartolomaeo
906 3875 1169 3996 Schellero'

316 4033 366 4158 S·
391 4079 435 4154 D·
493 4079 685 4172 Nunquam
715 4077 874 4148 dubitavi
902 4079 946 4146 de
973 4089 1032 4146 ma
1060 4077 1243 4148 voluntate
1269 4099 1309 4148 ac
1356 4031 1468 4148 rimus
1486 4055 1565 4100 eum
1581 4033 1768 4124 praeficere
1789 4034 1894 4106 alicui
1911 4031 2110 4123 Ecclesiae,
2135 4036 2346 4118 habebimus

316 4184 533 4273 gratitudine
569 4206 647 4270 erga
683 4204 755 4262 me,
795 4173 1057 4248 Bartolomaee
1091 4178 1307 4250 suavissime.
1357 4133 1633 4206 ‘¹⁰⁸¹'³¹i⁰¹¹‘³“¹·
1671 4129 1781 4218 Deus,
1808 4149 1905 4226 Pffl‘
1919 4137 2119 4210 1111Γὸ10118
2133 4145 2246 4216 1108111
2265 4143 2344 4220 lesu

317 4284 401 4358 Fuit
417 4301 534 4353 tamen
550 4280 639 4352 4441141
654 4280 849 4370 gratissima
866 4279 925 4348 illa
945 4292 1003 4350 1444
1020 4279 1308 4350 commemoratio
1356 4227 1940 4411 ξέῒῃΞῖἐΐθὲῑάῗςὸῗέἰέἰθῖἓίἱῗίῑ
1953 4255 2068 4438 ηξῗέ
2090 4244 2262 4416 ἕξῖῑὲῑθ
2277 4271 2344 4424 ἕῑί·

1281 4383 1289 4398 ·
1951 4396 1961 4426 ,
2200 4374 2209 4414 ι
2234 4373 2294 4420 ero
2326 4377 2346 4422 e

318 4387 508 4478 perscripta
532 4386 570 4452 in
597 4384 719 4455 literis.
777 4375 876 4450 Nihil
901 4376 1074 4450 4441441414
1101 4381 1308 4450 miserrimis
1874 4442 1883 4458 ,
1994 4445 2001 4460 ,

317 4489 538 4580 temporibus
564 4499 668 4576 atque
700 4483 1017 4552 aerumnosissimis
1040 4477 1153 4552 habeo
1177 4483 1308 4564 solatii,
1357 4461 1498 4530 q¹¹⁰q¹¹²
1519 4461 1692 4512 mmm·
1728 4433 1899 4514 Ascendst
1915 4439 2096 4528 Chfflfflss
2118 4461 2157 4518 Ul
2175 4449 2235 4520 det
2249 4453 2347 4524 dona

312 2883 372 2938 tur
388 2870 432 2938 de
446 2863 601 2936 Ecclesia
618 2864 705 2954 Dei,
733 2867 829 2958 quod
848 2867 953 2933 decus
967 2861 1117 2932 maxime
1134 2872 1301 2949 appeten-

312 2972 398 3042 dum
416 2984 467 3038 est
485 2969 588 3038 bouis
607 2967 703 3038 viris.
757 2965 855 3034 Bene
872 2965 959 3034 vale.
1007 2961 1081 3036 Cal.
1099 2961 1198 3033 Maii.

590 3578 754 3664 Bar-tlt.
785 3577 1030 3664 8414411444.

319 4606 457 4684 4444144
474 4589 527 4660 toi
543 4587 734 4668 similium,
761 4580 828 4654 hoc
846 4597 917 4668 est,
949 4585 1126 4654 bonorum
1148 4609 1309 4678 quorun·

238 4727 241 4734 ·
318 4697 401 4762 dam
426 4693 583 4760 virorum
610 4687 744 4770 411414,
770 4701 860 4778 quae
881 4685 1309 4775 meum'inexplicabilem

240 4813 242 4820 ’
320 4795 480 4868 dolorem
504 4792 621 4883 aliqua
648 4813 689 4856 ex
715 4801 812 4877 parta
833 4787 952 4856 levant
975 4811 1014 4857 ac
1029 4788 1178 4858 leniunt.
1230 4784 1309 4858 Etsi

320 4911 360 4966 tu
377 4894 518 4988 quidem
535 4891 704 4960 beneficia
722 4913 799 4958 mea
815 4889 994 4978 praedicas
1009 4890 1175 4958 laudibus
1191 4889 1319 4958 omni-¹

321 5021 370 5066 no
385 4995 591 5072 maioribus,
618 5015 722 5085 quam
737 4994 963 5060 merebantur
970 5016 979 5076 ;
1006 4986 1099 5060 nihil
1112 4991 1207 5060 enim
1223 5015 1310 5060 con-

322 5097 386 5166 tuli
402 5097 467 5163 tibi
483 5109 617 5184 praeter
632 5092 788 5182 vulgaria
802 5092 932 5162 officia:
960 5093 1108 5164 delectat
1122 5116 1177 5160 me
1193 5106 1309 5162 tamen

322 5199 463 5268 animus
479 5211 561 5266 tuus
574 5209 644 5264 tam
661 5195 831 5266 candidus
849 5207 882 5263 et
898 5194 1066 5266 liberalis.
1116 5190 1170 5262 De
1185 5215 1310 5282 genere

322 5299 414 5368 vitae
430 5299 467 5368 in
484 5323 554 5390 qno
570 5297 737 5379 versaris,
763 5295 899 5366 etiarnsi
916 5321 1002 5388 quas
1017 5289 1126 5364 habes
1142 5294 1311 5364 domesti-

322 5425 379 5473 cas
405 5402 442 5469 in
465 5425 502 5470 44
528 5399 694 5470 familiari
717 5398 956 5470 difficultates:
999 5409 1116 5468 tamen
1144 5395 1251 5464 velim
1277 5407 1310 5464 te

1356 4535 1578 4623 hominibus,
1609 4539 1771 4610 videlicet
1794 4541 1873 4636 pios
1896 4545 2069 4622 doctores.
2121 4545 2197 4620 Hos
2214 4566 2253 4622 nt
2269 4555 2346 4644 1444

1356 4655 1496 4711 tucatur
1512 4653 1585 4712 1414
1603 4655 1743 4734 pectore
1758 4657 1854 4740 opto.
1888 4643 1985 4717 Bene
2001 4649 2091 4736 vale,
2120 4653 2179 4724 11.
2196 4645 2346 4726 Octobr.

1357 4741 1515 4814 Salutem
1533 4757 1615 4834 4414
1630 4741 1674 4818 D.
1686 4739 1866 4820 Emerico.

2163 4847 2228 4926 Ph.
2244 4853 2297 4932 M.

1366 4979 1573 4997 Μ

1391 5071 1419 5139 tt)
1440 5067 1580 5124 0444144444
1595 5073 1635 5120 441
1648 5065 1693 5122 114
1705 5064 1817 5138 aliquid.
