4884 5950
156 106 265 239 sso'
604 163 921 264 ..senonum
971 167 1055 247 nr.
1098 165 1329 248 saurus
1379 163 1732 247 concronns.
1898 219 1901 226 .
2108 177 2186 257 oso

68 373 74 386 ι
160 331 277 419 enim,
298 355 444 428 vospro
459 345 576 406 vestra
590 357 729 408 summa
743 331 964 413 humanitate
979 335 1146 411 volonta-
1199 335 1338 408 tudinis
1357 347 1500 408 nostrae
1528 336 1719 420 omnibus,
1756 361 1910 434 quorum
1933 343 2105 418 beneficio
2127 347 2185 418 nsi

159 447 231 506 tan
252 458 368 506 meam
390 437 602 526 probaturos
624 459 718 524 esse,
750 440 890 511 etiamsi
918 441 959 511 in
984 441 1147 513 oratioue
1199 460 1342 522 sumus,
1372 440 1612 512 ostendamus.
1670 437 1753 530 Qua
1774 445 1814 510 in
1836 465 1876 513 re
1898 443 2055 538 primum
2077 449 2184 522 venia

158 537 313 607 multum
330 537 589 616 desiderabitis.
640 537 856 636 Quanquam
876 544 977 614 cuius
999 557 1052 615 est
1066 557 1147 616 tan·
1199 535 1457 632 mihi'petenda
1471 553 1539 626 est,
1554 543 1651 635 quod
1668 565 1741 611 non
1758 543 1890 636 possim
1906 548 2104 620 orationem
2117 577 2182 644 pa·

158 652 236 710 tum
255 639 379 710 lumen
396 640 550 731 ingenii,
571 655 670 730 tanta
687 643 964 738 eloquentia,ut
978 669 1018 716 ea
1034 647 1144 716 hene-
1197 665 1272 712 rem
1291 643 1532 734 magnitudini
1551 643 1713 714 beneficii
1735 644 1907 722 invenire.
1960 648 2061 741 Quid
2085 655 2181 728 enirn
2252 652 2257 658 ’

154 741 258 828 heia,
283 765 373 836 quae
388 743 540 814 studiosi
560 767 581 814 a
602 745 710 816 bonis
731 745 939 818 doctoribus
958 746 1147 840 accipiunt,
1198 744 1237 814 in
1256 745 1358 816 omni
1373 745 1447 817 vita
1458 757 1574 838 potest
1588 745 1654 815 ulli
1672 746 1832 818 accidere
1845 750 2059 842 optabilius,
2075 780 2183 850 quam

158 867 229 936 pro
262 844 436 933 dignitate
474 845 679 936 praedicare
711 861 817 942 atque
850 874 979 920 ornare
1011 849 1147 942 possit?
1197 860 1239 917 ut
1269 845 1555 918 doctissimorum
1588 859 1623 918 ct
1652 849 1961 923 ornatissimorum
1992 849 2183 930 hominum

158 943 262 1034 Quae
285 945 382 1016 enim
404 947 574 1018 beneficia
595 947 733 1020 maiora
756 974 798 1020 ac
818 952 966 1022 meliora
984 954 1145 1022 conferre
1197 947 1331 1020 iudicio
1349 947 1536 1040 probatus,
1561 948 1600 1018 in
1615 943 1712 1021 huuc
1725 952 1889 1022 ordinem
1904 955 2089 1046 dignitatis
2107 963 2184 1052 ple-

157 1041 323 1118 homines
347 1042 558 1120 hominibus
575 1065 746 1142 possunt,
781 1077 888 1146 quam
913 1047 1145 1130 hancreetae
1198 1075 1304 1137 num,
1329 1046 1589 1143 honestissimis
1609 1051 1786 1142 suffragiis
1808 1057 2039 1130 traducatur?
2090 1059 2183 1152 Quis

156 1150 341 1222 doctrinae
355 1152 690 1234 adnuntiationem,
715 1177 785 1249 qua
802 1167 875 1227 tota
892 1157 963 1227 vita
981 1157 1144 1227 contine·
1196 1152 1293 1222 enim
1313 1175 1388 1223 non
1411 1155 1525 1244 pluris
1545 1153 1651 1225 faciat
1673 1155 1847 1226 iudicium
1862 1160 1908 1228 de
1923 1182 1960 1231 se
1976 1161 2101 1232 talium
2124 1165 2180 1234 vi·
2269 1187 2273 1202 ·

21 1299 37 1314 -
155 1265 218 1324 tur
234 1277 274 1323 ac
289 1254 442 1344 regitur,
464 1277 570 1348 quam
586 1250 759 1326 habemus
774 1258 899 1328 ducem
915 1260 960 1328 ad
975 1260 1143 1330 virtutem
1197 1278 1341 1342 rorum,
1366 1279 1472 1350 quam
1495 1256 1786 1350 maximasopos,
1810 1273 1996 1354 propterea
2014 1267 2111 1359 quod
2134 1265 2182 1337 il·

158 1357 255 1425 etad
273 1355 606 1428 immortalitatem?
641 1355 765 1452 ltaque
782 1381 924 1452 semper
939 1361 1060 1453 optavi
1077 1360 1145 1430 ali·
1197 1358 1251 1428 lae
1276 1379 1359 1428 casu
1382 1357 1588 1450 contingere
1618 1370 1806 1449 putantur:
1838 1355 1898 1432 hic
1920 1377 2037 1436 autem
2064 1361 2181 1440 bonos

158 1481 266 1551 qnam
286 1454 378 1528 mihi
401 1459 622 1532 occasionem
647 1461 745 1546 dari,
770 1461 1023 1553 significandae
1046 1486 1144 1532 meae
1198 1471 1293 1530 certo
1330 1459 1480 1531 consilio
1518 1461 1644 1534 virtuti
1680 1461 1836 1534 tributus
1876 1488 1951 1536 esse
1992 1469 2181 1543 iudicatur.

156 1559 387 1650 gratitudinis
403 1585 482 1652 erga
499 1575 743 1655 praeceptores
758 1578 918 1650 nostros,
936 1565 1143 1658 praesertim
1197 1559 1319 1650 Quare
1344 1562 1498 1632 latemur
1521 1563 1723 1660 plurimum·
1750 1587 1816 1634 nos
1841 1568 2009 1640 omnibus
2040 1573 2181 1660 debere,

156 1687 241 1732 cum
264 1663 440 1750 viderem,
471 1663 659 1757 praecipue
691 1665 730 1733 in
764 1659 831 1736 hac
859 1662 979 1738 schola
1005 1669 1142 1738 summa
1197 1662 1258 1756 qui
1281 1685 1348 1732 nos
1371 1663 1412 1731 in
1440 1659 1547 1735 buius
1572 1659 1720 1736 honoris
1749 1667 1922 1759 petitione
1950 1671 2177 1748 adiuverunt.

154 1763 226 1834 fide
244 1789 451 1861 summaque
467 1765 658 1860 prudentia
667 1766 774 1838 nobis
782 1769 932 1859 optimas
944 1764 1038 1841 artes
1050 1769 1143 1840 tradi
1195 1762 1244 1836 Et
1258 1787 1462 1860 quanquam
1484 1767 1562 1836 leve
1578 1766 1741 1840 videatur
1757 1769 1912 1841 officium
1929 1796 2019 1859 esse,
2045 1770 2114 1848 hoc
2140 1779 2179 1850 in
2279 1807 2285 1820 ¹

153 1881 264 1960 etque
280 1867 463 1940 inculcari.
516 1867 677 1963 Cumque
692 1864 732 1939 hi
750 1871 821 1940 mei
838 1871 992 1962 collegae
1012 1884 1143 1943 testen-
1196 1868 1275 1937 loco
1291 1867 1417 1965 merita
1435 1881 1549 1940 vestra
1576 1870 1799 1962 praedicare,
1824 1885 1943 1944 tamen
1966 1871 2059 1949 hanc
2081 1904 2179 1952 com-

155 1983 236 2056 tur,
262 1993 299 2042 se
313 1971 359 2041 ad
377 1973 531 2043 eundem
546 1973 696 2042 modum
710 1972 855 2044 affectos
877 1996 969 2060 esse,
994 1997 1069 2044 non
1085 1995 1145 2044 so-
1195 1968 1490 2040 memorationcm
1522 1972 1804 2063 praetermittere
1836 1975 1941 2046 nobis
1977 2003 2052 2049 non
2086 1981 2178 2055 licet.

157 2071 234 2141 lum
267 2073 312 2142 de
344 2097 418 2156 me,
453 2077 515 2146 sed
546 2074 654 2144 etiam
684 2075 813 2146 desua
835 2075 1058 2172 voluntates
1085 2097 1143 2145 me
1194 2067 1356 2141 Primum
1385 2069 1507 2166 itaque
1536 2073 1665 2163 gratias
1696 2075 1831 2165 agimus
1853 2073 1953 2165 Deo,
1986 2082 2049 2176 qni
2080 2077 2177 2157 hunc

157 2173 232 2244 dici
255 2175 459 2252 voluerunt.
510 2172 590 2248 lltsi
613 2187 731 2247 autem
741 2171 834 2248 haec
851 2177 1142 2248 commemoratio
1195 2195 1337 2243 cursum
1359 2172 1559 2244 studiorum
1580 2187 1686 2270 atque
1707 2170 1856 2248 honoris
1871 2180 1987 2253 nostri
2009 2175 2180 2258 hactenus

156 2277 273 2347 lerina
287 2293 338 2350 est
353 2277 530 2361 officium,
557 2302 663 2372 quam
680 2293 722 2350 ut
736 2279 976 2370 magnitudini
993 2280 1144 2352 merito-
1193 2295 1331 2346 summa
1357 2275 1541 2364 diligentia
1565 2277 1795 2369 gubernavit,
1826 2305 1977 2378 eumque
2002 2309 2180 2378 rogamus,

78 2425 84 2436 -
155 2401 239 2448 rum
263 2393 463 2451 vestrorum
488 2381 721 2474 respondeat,
754 2394 875 2452 tamen
905 2381 1075 2476 quoniam
1102 2382 1142 2450 in
1194 2391 1234 2448 ut
1259 2378 1379 2448 farere
1401 2378 1507 2450 nobis
1532 2379 1777 2470 exercentibus
1806 2395 1917 2454 artem
1936 2384 2033 2460 velit.
2086 2387 2178 2462 Nam

153 2479 244 2574 ipsis
270 2481 439 2572 auspiciis
467 2485 581 2554 nostri
605 2477 752 2554 honoris
780 2485 878 2554 etin
905 2481 973 2556 hoc
996 2484 1141 2577 publico
1195 2477 1289 2550 irriti
1312 2492 1397 2552 sunt
1420 2495 1568 2552 conatus
1597 2482 1759 2552 omnium
1786 2477 1976 2558 hominum
2004 2503 2040 2560 ct
2062 2491 2181 2564 infeli-

155 2589 354 2670 conventu,
379 2583 456 2656 Deo
479 2600 513 2658 et
536 2585 639 2656 vobis
661 2585 830 2672 testibus,
852 2587 1058 2678 obligamus
1075 2609 1142 2656 nos
1194 2581 1247 2652 cia
1265 2581 1403 2668 studia,
1417 2581 1488 2652 nisi
1503 2581 1600 2656 Deus
1620 2607 1660 2654 ea
1673 2584 1772 2656 iuvet
1786 2597 1820 2656 et
1833 2585 2002 2662 fortunet.
2037 2587 2178 2665 Deinde

156 2685 330 2775 religione
347 2689 499 2781 quadam
514 2689 558 2758 ad
574 2683 774 2758 habendam
794 2689 941 2778 gratiam
957 2702 1141 2783 perpetuo,
1193 2683 1324 2779 gratias
1350 2683 1488 2774 agimus
1504 2681 1747 2758 lllustrissimo
1769 2685 1930 2782 Principi
1953 2689 2080 2763 loanni
2098 2693 2180 2766 Fri-

156 2787 357 2880 plurimum
382 2785 513 2862 babere
543 2789 711 2882 ponderis
738 2783 825 2860 haec
852 2791 1141 2864 commemoratio
1193 2785 1312 2856 derico
1334 2784 1509 2858 Senoniae
1531 2783 1702 2860 Electori.
1755 2787 1851 2878 Quia
1877 2793 1971 2862 enim
1988 2795 2071 2886 2ipse
2095 2821 2180 2890 sup-

156 2888 349 2962 iudicanda
365 2905 427 2965 est.
463 2889 717 2982 -Agnoscimur
730 2891 858 2982 igitur,
880 2916 946 2963 uos
961 2893 1007 2964 iis
1030 2893 1140 2964 bene-
1193 2889 1329 2981 peditat
1345 2902 1505 2981 sumptus
1527 2903 1561 2961 et
1584 2891 1702 2962 ocium
1718 2884 1803 2962 huic
1817 2888 1969 2966 Scholae
1982 2898 2026 2966 ad
2045 2899 2181 2989 optima

109 2999 118 3013 ‘
155 2991 246 3062 liciis
261 2991 405 3066 affectos
429 3017 524 3080 esse,
550 2995 681 3088 quibus
702 2994 849 3084 cogitari
872 2995 971 3066 nulla
990 2995 1140 3066 meliora
1193 2990 1309 3063 studia
1334 2991 1500 3077 colenda,
1543 3005 1578 3062 et
1609 2995 1654 3063 ad
1676 2993 1766 3064 alios
1785 2995 1983 3086 docendos,
2011 2999 2181 3074 debemus

156 3108 317 3187 possunt.
375 3093 524 3166 Nullum
560 3095 656 3166 enim
689 3097 805 3166 maius
836 3111 889 3168 est
918 3097 1141 3184 beneficium,
1193 3091 1261 3185 ipsi
1284 3105 1464 3196 acceptum
1480 3093 1583 3180 ferre,
1608 3095 1780 3190 quicquid
1795 3095 1833 3167 in
1850 3093 2055 3172 hacSchola
2071 3103 2181 3174 bene-

156 3219 264 3290 qugm
286 3210 380 3268 ,ecte
403 3200 448 3268 de
471 3197 634 3268 maximi,
657 3199 783 3282 rebus,
807 3199 852 3268 de
867 3197 1057 3291 religione,
1071 3202 1142 3270 fle.
1193 3195 1354 3266 liciorum
1368 3195 1407 3266 in
1428 3219 1495 3269 nos
1510 3197 1715 3271 collocatur.
1766 3195 1917 3291 Agimus
1938 3217 1973 3274 et
1987 3205 2117 3294 gratias
2132 3203 2183 3276 ll-

155 3323 227 3392 que
241 3300 408 3384 omnibus
423 3301 518 3372 vitae
541 3299 668 3371 officiis
689 3301 779 3370 alios
795 3301 932 3372 docere.
982 3301 1143 3398 Cumque
1172 3297 1406 3369 'lustrissimo
1427 3296 1588 3392 Principi
1609 3297 1736 3372 loanni
1755 3295 1931 3391 Ernesto,
1957 3299 2051 3378 Duci
2071 3307 2184 3380 Saxo·

157 3395 247 3471 haec
269 3403 365 3473 hona
387 3427 469 3473 rere
487 3399 557 3473 Dei
579 3425 727 3478 munera
742 3391 782 3472 in
799 3405 905 3474 terris
919 3427 993 3474 esse
1009 3418 1142 3475 statua·
1193 3399 1294 3485 niae,
1339 3399 1402 3492 qul
1433 3425 1496 3470 ⁸11³
1525 3403 1723 3492 praesentia
1761 3404 1922 3476 animum
1952 3399 2184 3482 clementissi-

154 3504 257 3586 inus,
287 3503 407 3576 Deum
432 3505 610 3592 uindicem
635 3505 905 3594 ingratitudinis
929 3507 1006 3576 fore
1021 3501 1080 3602 *),
1112 3507 1144 3576 si
1194 3524 1292 3575 mum
1308 3523 1388 3592 erga
1411 3499 1593 3573 literarum
1602 3501 1823 3574 Professores
1835 3519 1869 3577 et
1886 3503 1972 3578 haec
1990 3513 2107 3583 studia
2120 3515 2184 3584 de-

57 3593 59 3598 ’
157 3605 239 3698 quis
260 3605 420 3696 ingratus
441 3608 550 3677 inerit
567 3607 736 3677 adversus
750 3629 831 3692 vos,
857 3630 1010 3700 quorum
1035 3631 1142 3700 opera
1194 3603 1329 3674 clarare
1352 3603 1479 3673 voluit.
1534 3600 1683 3707 Agimus
1698 3619 1733 3676 et
1750 3607 1880 3695 gratias
1895 3607 2087 3699 Magnifico
2108 3611 2184 3686 Re-

155 3707 276 3779 aditus
301 3707 370 3800 ipsi
394 3709 587 3802 patefactus
607 3721 659 3779 est
682 3709 725 3778 ad
740 3703 804 3778 has
819 3709 971 3800 optimas
988 3735 1029 3780 ac
1047 3711 1144 3780 divi·
1194 3704 1304 3788 ctori,
1336 3704 1515 3796 generosis
1538 3730 1583 3810 ac¹
1598 3707 1780 3777 nobilibus
1799 3705 1967 3781 Dominis
1982 3710 2183 3810 Comitibus

158 3833 225 3880 nas
239 3825 341 3881 artes.
393 3809 515 3900 Quare
530 3811 760 3902 pollicemur,
788 3833 855 3880 nos
879 3825 1051 3903 perpetuo
1076 3837 1143 3882 ro·
1195 3829 1235 3876 ec
1255 3803 1477 3892 Beronibus,
1498 3808 1575 3877 viro
1592 3807 1708 3878 nobili
1726 3811 1878 3902 praesidi
1896 3810 2093 3902 Senoniae,
2118 3818 2185 3888 do-

91 3897 102 3911 ’
157 3912 216 3983 bis
236 3913 385 4004 gratiam
411 3909 597 3984 babituros
618 3933 711 3997 esse,
739 3936 789 3983 ,ac
815 3913 962 3984 daturos
989 3937 1145 4006 operam,
1195 3907 1361 3980 ctissimis
1384 3908 1489 3994 viris,
1516 3933 1595 3980 cum
1618 3909 1769 3981 aliarum
1789 3913 1997 3986 facultatum
2016 3913 2186 3990 Ductori·

157 4029 221 4100 nt,
252 4039 467 4110 quocunque
489 4015 598 4085 officii
622 4037 752 4106 genere
772 4015 984 4108 poterimus,
1018 4023 1145 4088 cumu-
1194 4012 1280 4092 bus»,
1319 4022 1397 4082 tum
1419 4011 1608 4104 praecipue
1638 4013 1785 4084 domino
1809 4011 1959 4087 Ductori
1981 4016 2184 4094 Medicinae

155 4115 229 4188 late
243 4139 307 4210 per
321 4118 542 4190 occasionem
562 4118 766 4192 reseramus.
817 4115 914 4194 Dixi.
1196 4113 1393 4206 promotori
1415 4126 1557 4199 nostro,
1596 4113 1698 4184 cuius
1721 4115 1847 4188 officiis
1875 4133 1913 4192 et
1935 4145 2042 4213 opera
2066 4123 2185 4214 'pluri-

1195 4237 1295 4284 mum
1312 4213 1368 4286 usi
1385 4237 1518 4286 sumus.
1570 4211 1723 4288 Gratum
1746 4218 1852 4290 etiam
1872 4221 1977 4294 nobis
1992 4219 2185 4315 Magiitro-

858 4393 865 4403 ,
1196 4341 1276 4386 rum
1306 4329 1342 4388 et
1363 4311 1664 4389 scholasticorum
1691 4319 1848 4392 officium
1876 4337 1947 4408 est,
1986 4325 2049 4418 qui
2071 4329 2185 4399 nostri
2252 4399 2259 4406 ,

240 4481 243 4489 ,
310 4425 313 4430 ’
806 4448 809 4457 ·
1002 4427 1005 4434 ’
1198 4413 1345 4489 honoris
1362 4441 1465 4490 causa
1487 4421 1532 4492 ad
1545 4414 1637 4490 hanc
1652 4419 1817 4514 pompam
1831 4439 2088 4502 convenerunt.
2112 4415 2187 4500 Nos

192 4481 261 4556 ΝΟ·
291 4481 349 4560 ¹5·
893 4477 1137 4612 Q
1198 4515 1268 4591 hoc
1295 4534 1454 4612 tempore
1478 4521 1626 4614 gratiam
1640 4521 1786 4594 'nullam
1810 4537 1950 4618 praeter
1973 4518 2066 4599 haue
2088 4553 2187 4600 com·
2240 4609 2244 4620 ,

182 4711 185 4716 Ι
590 4679 619 4696 ,,
743 4631 772 4723 ‘5
912 4677 920 4694 .
1198 4621 1492 4694 memorationem
1528 4637 1669 4696 nostrae
1697 4627 1893 4699 voluntatis
1913 4627 2063 4702 reddere
2086 4633 2187 4704 vobis

227 4677 542 4807 hgssi'y'ff‘gfssffim
555 4680 634 4736 “¹¹¹''
653 4695 684 4750 Ρ·
700 4679 749 4736 ¹⁵⁵
774 4695 852 4752 ''³''
873 4679 920 4735 ὼ
940 4677 1011 4733 ”¹²¹⁶
1032 4675 1067 4733 'd
1084 4695 1149 4734 ’Μ’
1200 4747 1398 4816 possumus.
1456 4722 1527 4796 Sed
1543 4727 1581 4797 'si
1602 4749 1674 4821 quo
1696 4727 1767 4799 alio
1788 4729 1896 4800 officii
1920 4753 2049 4822 genere
2071 4734 2188 4807 decla-

1199 4849 1278 4897 rare
1311 4825 1564 4916 gratitudinem
1596 4843 1755 4902 nostram
1789 4855 1948 4926 uuquam
1982 4837 2188 4926 poterimus,

1198 4929 1364 4999 dabimus
1387 4946 1549 5022 operam,
1574 4945 1616 5001 ut
1631 4955 1705 5001 non
1719 4933 1954 5006 desideraturi
1973 4935 2049 5009 sitis
2065 4939 2103 5009 in
2119 4965 2192 5011 no·-

156 5029 259 5118 Cum
295 5039 514 5132 amplissimo
550 5031 689 5109 bonore
725 5036 821 5108 aucti
855 5035 983 5123 simus,
1014 5059 1148 5108 conre-
1199 5029 1255 5102 his
1273 5025 1540 5104 humanitatem.
1591 5027 1685 5106 Dixi.

156 5145 235 5231 tni,
258 5153 308 5235 [ut
339 5141 495 5214 vicissim
528 5137 823 5233 significationem
854 5135 1011 5234 aliquam
1037 5137 1149 5231 grati·

192 5357 223 5426 ‘t
241 5355 421 5414 Desideratus
433 5361 593 5424 munus,
611 5347 655 5412 ssi
668 5339 770 5408 simile.
786 5391 791 5398 .

157 5457 339 5526 Matres.
365 5449 471 5520 Orsa.
496 5447 582 5518 Vos.
608 5445 655 5516 X.

328 4889 549 4962 Gratiarum
574 4889 675 4958 notio
701 4887 743 4958 in
769 4849 983 4961 doctoratu.
