4884 5950
269 217 345 294 888

372 387 469 460 Haec
492 390 670 460 enarratio
691 389 832 460 dulcior
856 405 923 472 est,
958 392 1041 486 quia
1061 393 1219 463 ostendit
1234 405 1269 463 et

273 517 347 564 esse
377 485 492 592 λόγον
511 484 790 590 ὑφιστάμενον,
827 505 862 563 et
885 517 1022 585 semper
1045 518 1125 564 eum
1149 497 1269 565 adesse

272 593 472 682 Ecclesiae,
498 605 531 666 et
556 598 596 664 in
619 595 724 666 nobis
749 595 853 664 fidem
877 613 911 668 ct
927 597 1192 667 invocationem
1210 621 1269 668 ac-

272 699 433 770 candere.

374 815 462 887 Peto
472 817 611 906 igitura
624 833 657 890 te
667 815 877 890 Reverende
889 815 1043 888 Domine
1052 817 1096 893 D.
1105 815 1268 890 Erusme

273 919 471 1012 longiorem
487 920 767 1012 explicationem.

376 1033 464 1107 Tibi
494 1063 578 1109 vcro
609 1037 819 1112 Reverende
846 1037 889 1110 D.
916 1040 1048 1113 Ductor
1074 1036 1268 1113 Iohannes

272 1135 365 1212 hanc
398 1141 642 1234 quaestionem
673 1168 852 1236 propono:
902 1149 963 1214 An
994 1141 1191 1216 toleranda
1219 1145 1268 1216 sit

275 1266 347 1314 vox
368 1239 410 1311 in
431 1237 602 1314 Ecclesia
625 1245 795 1332 istorum,
821 1246 883 1340 qui
906 1251 1147 1329 contendunt,
1174 1245 1267 1320 banc

272 1343 555 1440 propositionem
579 1371 653 1418 csse
675 1374 811 1418 veram:
836 1347 937 1418 Nova
963 1351 1167 1422 obedientia
1193 1377 1267 1422 non

273 1461 324 1519 est
347 1449 563 1536 necessaria,
595 1473 676 1520 cum
698 1449 831 1521 Paulus
858 1453 966 1522 dicat:
1003 1447 1048 1524 o'vi
1074 1449 1171 1544 κατὰ
1192 1453 1269 1526 ἐπι-

271 1545 393 1650 ταγὴν
406 1545 513 1649 λέγω.
565 1549 703 1622 Harum
720 1553 968 1647 quaestionum
985 1557 1171 1646 explicatio
1187 1583 1267 1626 cum

273 1654 377 1724 valde
393 1653 493 1723 utilis
509 1653 553 1724 sit
571 1680 656 1740 oro,
682 1669 722 1726 ut
738 1659 781 1726 de
802 1657 851 1726 eis
869 1657 1006 1752 aliquid
1023 1660 1159 1732 dicatis.

375 1769 569 1842 Vobiscum
591 1787 708 1844 autem
734 1799 797 1845 oro
821 1774 954 1844 Filium
969 1774 1046 1846 Dei
1069 1776 1267 1851 Dominum

273 1890 435 1947 nostrum
452 1871 570 1943 Iesum
585 1873 780 1962 Christum,
807 1879 868 1970 qui
886 1879 989 1948 dixit:
1017 1877 1094 1970 Ego
1116 1905 1194 1950 sum
1213 1884 1268 1952 vi-

273 1979 339 2060 tis,
373 2001 436 2047 vos
466 1977 646 2070 palmites,
682 1992 722 2048 ut
752 2003 818 2048 nos
850 1980 920 2048 sibi
942 1981 1076 2053 inserat
1099 1997 1267 2079 tanquam

272 2080 456 2172 palmites,
482 2093 517 2149 et
538 2103 676 2172 semper
699 2104 765 2150 nos
782 2095 917 2168 servet,
943 2085 1118 2174 gubernet
1134 2099 1167 2157 et
1184 2113 1268 2180 pro·

272 2195 377 2274 tegat.
430 2181 529 2254 Dixi.

372 2379 547 2461 &sponsu
568 2381 614 2447 D.
635 2381 792 2449 Doctaia
814 2383 981 2452 Eroami
1002 2385 1042 2454 de
1060 2387 1171 2474 priore

670 2465 871 2548 Qesaestioae.

376 2589 459 2662 Non
481 2592 631 2664 dubium
648 2607 700 2664 est
717 2617 892 2665 summam
911 2599 1072 2668 omnium
1090 2600 1267 2692 quaestio-

274 2717 362 2764 num
384 2695 424 2764 in
447 2717 576 2784 genere
599 2691 758 2766 humano
781 2721 874 2784 esse,
901 2700 988 2794 quid
1011 2701 1056 2772 sit
1078 2703 1174 2771 filius
1188 2701 1268 2788 Dei,

274 2810 370 2868 etan
387 2799 482 2890 apud
497 2793 692 2869 Ecclesiam
708 2799 812 2870 initio
828 2801 935 2872 fuerit
952 2803 1057 2873 etiam
1076 2818 1268 2898 antequam

274 2923 315 2970 ex
331 2899 470 2990 virgine
482 2915 587 2972 natus
600 2914 663 2976 est.
714 2897 889 2974 Existimo
905 2905 1009 2975 etiam
1027 2907 1183 2998 primum
1200 2904 1268 2978 hoc

275 3015 451 3074 certamen
479 3003 518 3070 in
548 2999 707 3076 Ecclesia
737 3005 865 3087 fuisse,
900 3009 984 3099 quia
1016 3009 1172 3095 diaboli,
1206 3010 1269 3104 qui

272 3115 356 3175 sunt
379 3099 497 3176 hostes
514 3105 579 3174 lilii
596 3105 682 3192 Dei,
709 3101 930 3179 horribiliter
946 3111 1167 3203 impulerunt
1178 3111 1269 3184 Cain

274 3219 309 3278 et
330 3206 400 3276 alia
415 3205 525 3298 impia
541 3230 693 3297 organa,
716 3224 755 3279 ut
771 3225 942 3300 negarent
957 3215 1078 3282 adesse
1095 3209 1191 3283 hunc
1207 3241 1269 3285 cu-

274 3309 412 3380 stodem
428 3303 629 3394 Ecclesiae,
655 3323 689 3380 et
710 3313 824 3381 multo
848 3313 961 3402 magis
981 3315 1159 3401 riderent,
1187 3343 1267 3387 cum

273 3411 459 3482 dicebatur
475 3411 663 3482 adfuturus
678 3435 752 3482 esse
767 3416 960 3507 adsumpta
970 3411 1126 3490 humana
1143 3433 1269 3492 natura

275 3527 500 3607 etpassurus.

375 3629 516 3704 Deinde
530 3647 715 3728 postquam
730 3637 894 3728 apparuit
909 3639 1096 3732 adsumpta
1112 3634 1268 3711 humana

274 3747 422 3823 natura,
456 3759 531 3806 non
562 3737 679 3807 solum
702 3739 894 3809 certamina
917 3741 960 3810 de
981 3736 1050 3811 hoc
1072 3742 1146 3812 filio
1172 3756 1267 3814 mota

274 3852 375 3925 suut,
407 3841 469 3908 sed
500 3839 605 3909 etiam
634 3835 809 3912 horribile
831 3839 1025 3934 Imperium
1049 3839 1267 3916 Mahometi-

273 3963 353 4014 cum
369 3953 531 4012 exortum
548 3955 600 4012 est
614 3945 659 4011 ad
675 3947 939 4035 propagandam
957 3959 992 4018 et
1006 3947 1267 4020 defendendam

274 4043 532 4140 blasphemiam
549 4058 673 4118 contra
688 4070 780 4117 eum.

378 4165 464 4237 Ideo
484 4190 624 4238 necesse
644 4181 696 4240 est
716 4167 793 4260 pias
806 4179 942 4239 mentes
962 4169 1165 4240 confirmari
1181 4170 1267 4241 illu·

272 4271 407 4344 stribus
421 4268 652 4356 testimoniis,
676 4283 717 4342 ut
732 4283 767 4340 et
780 4265 896 4341 honos
910 4271 985 4342 lilio
993 4268 1062 4342 Dei
1074 4271 1266 4360 tribuatur,

273 4389 307 4448 et
322 4387 443 4446 nostra
460 4372 639 4444 invocatio
656 4395 731 4442 nou
747 4371 948 4464 languebat.

375 4493 468 4567 Cum
493 4507 611 4565 autem
633 4491 708 4586 ipse
732 4492 844 4563 dicat:
874 4489 986 4563 Nemo
1010 4491 1113 4564 novit
1129 4507 1265 4586 patrem

275 4599 346 4669 nisi
366 4598 480 4683 lilius,
506 4609 541 4668 et
560 4595 619 4670 rui
639 4595 737 4665 volet
750 4591 865 4666 Filius
889 4595 1063 4677 revelare,
1089 4609 1165 4667 toto
1182 4621 1263 4666 eum

274 4714 415 4793 pectore
438 4725 525 4784 oro,
551 4715 592 4772 ut
612 4697 687 4792 ipse
710 4719 775 4767 nos
791 4698 916 4768 doceat
930 4699 974 4767 de
989 4711 1133 4768 aeterno
1148 4697 1264 4783 Patre,

862 213 1281 309 Quaasrronas
1316 215 1717 314 acaunurcxa.
1886 319 1889 326 ι
2233 217 2304 293 aaa

1318 393 1362 462 de
1385 393 1461 461 eius
1484 393 1670 464 divinitate
1692 391 1814 472 docet,
1847 385 2186 488 subindeirepetens
2207 393 2314 478 dicta,

1318 517 1408 588 quae
1429 495 1635 579 adfirmant,
1662 494 1943 585 omnipotentem
1964 515 2057 578 esse,
2083 507 2119 564 et
2139 495 2316 566 invocan-

1317 599 1404 666 dum
1425 621 1509 667 esse.
1560 595 1658 666 Haec
1677 599 1748 668 duo
1768 619 1993 690 nequaquam
2009 597 2230 669 conveniunt
2245 599 2315 668 ulli

1316 711 1482 785 naturae,
1506 723 1596 793 quae
1619 723 1694 768 non
1716 714 1768 770 est
1785 697 1892 771 Deus.
1944 696 2057 789 Saepe
2079 713 2197 770 autern
2221 696 2317 770 mihi

1318 827 1480 894 propono
1509 803 1648 872 illustre
1668 800 1930 881 testimonium,
1965 803 2060 894 quod
2087 801 2127 870 in
2150 799 2314 894 Epistola

1317 907 1361 972 ad
1384 902 1610 974 Colossenses
1642 917 1750 988 extat,
1784 902 1848 973 ubi
1876 927 2038 995 expresse
2059 904 2207 975 dicitur:
2243 905 2316 976 Per

1317 1002 1499 1077 Christum
1524 1005 1644 1075 omnia
1667 1006 1810 1075 condita
1833 1027 1925 1091 esse,
1951 1021 1985 1078 et
2007 1007 2123 1097 ipsum
2143 1031 2217 1077 esse
2232 1021 2314 1078 ante

1317 1111 1449 1183 omnia.
1507 1105 1711 1198 Est‘igitur
1738 1108 1777 1176 in
1799 1103 1944 1178 Christo
1974 1122 2102 1179 natura
2126 1125 2313 1182 coaeterna

1317 1213 1407 1302 patri
1424 1226 1459 1282 ct
1474 1206 1708 1310 ἀπαύγασμα
1723 1209 1992 1281 aeterniPatris.
2038 1209 2189 1284 Talibus
2205 1213 2312 1283 erecti

1316 1315 1531 1384 testimoniis
1552 1315 1682 1382 alacres
1706 1315 1750 1382 ad
1773 1337 1855 1382 eum
1878 1312 2123 1402 confugiamus
2145 1329 2181 1386 et
2203 1318 2250 1386 ab
2270 1340 2311 1386 eo

1317 1431 1476 1508 petamus
1500 1429 1534 1486 et
1551 1429 1772 1508 expectemus
1787 1415 1979 1496 auxilium,
2006 1417 2098 1486 sicut
2112 1413 2236 1488 Esaias
2254 1419 2314 1488 in-

1316 1520 1409 1612 quit:
1438 1517 1572 1589 Gentes
1587 1519 1630 1586 ad
1647 1543 1727 1587 eum
1745 1517 1967 1607 confugient,
1994 1518 2081 1588 etin
2096 1518 2238 1592 Psalmo
2254 1523 2313 1591 di·

1316 1622 1423 1692 citur:
1450 1619 1498 1691 Et
1512 1622 1800 1713 deprecabuntur
1814 1643 1932 1690 coram
1949 1645 1990 1690 eo
2007 1641 2164 1715 semper,
2186 1638 2220 1694 et
2235 1623 2310 1716 ipse

1316 1724 1449 1818 inquit:
1479 1722 1608 1793 Venite
1623 1725 1667 1792 ad
1682 1745 1740 1791 me
1753 1745 1888 1808 omnes,
1911 1723 1973 1816 qui
1990 1723 2158 1796 laboratis
2171 1739 2204 1795 et
2219 1751 2307 1797 one-

1316 1827 1508 1910 rati'estis,
1535 1840 1568 1896 et
1592 1849 1655 1915 ego
1678 1825 1831 1895 reficiam
1855 1847 1930 1895 vos.
1981 1823 2090 1896 Hunc
2113 1829 2145 1898 ei
2163 1830 2311 1914 cultum,

1316 1923 1413 1998 hunc
1442 1923 1615 2000 honorem
1644 1939 1880 2019 praestemus,
1920 1939 1956 1998 et
1983 1951 2049 1998 nos
2073 1933 2119 2000 ab
2140 1932 2312 2002 omnibus

1316 2027 1532 2123 blasphemis
1547 2031 1790 2120 seiungamus,
1817 2030 1881 2122 qui
1893 2025 1990 2100 hunc
2003 2028 2137 2103 Filium
2151 2031 2224 2105 Dei
2236 2034 2313 2106 Do-

1316 2125 1453 2203 minum
1477 2125 1789 2204 nostrum‘lesum
1813 2125 2025 2218 Christum,
2051 2137 2184 2207 nolunt
2206 2137 2313 2207 iuvo-

1316 2261 1405 2305 care.
1459 2233 1667 2307 lntucamur
1689 2235 1796 2306 etiam
1820 2235 2008 2325 segnitiem
2023 2251 2230 2309 nostrorum
2249 2265 2314 2333 pe-

1315 2353 1474 2424 ctorum,
1508 2353 1543 2410 et
1565 2339 1766 2422 doleamus,
1791 2361 1867 2406 non
1890 2359 1964 2406 esse
1987 2339 2231 2411 ardentiorem
2255 2345 2314 2412 in-

1315 2442 1536 2510 vocationem
1553 2453 1731 2524 nostram,
1757 2453 1792 2510 ct
1808 2463 1910 2531 saepe
1926 2453 2124 2532 repetamus
2139 2439 2236 2514 hanc
2252 2469 2313 2515 ex·

1315 2543 1582 2612 clamationem:
1621 2540 1738 2612 Credo
1760 2541 1933 2628 Domine,
1973 2567 2077 2636 opem
2108 2545 2164 2615 fer
2197 2547 2313 2618 imbe-

1315 2643 1455 2718 cillitati
1470 2645 1585 2716 meae!

1417 2745 1523 2817 Hanc
1549 2769 1665 2816 meam
1693 2746 1952 2816 confessionem
1982 2759 2017 2817 et
2046 2748 2312 2823 invocationem

1315 2846 1383 2920 hoc
1400 2851 1605 2941 praesertim
1623 2849 1702 2919 loco
1718 2849 1818 2941 prius
1832 2849 1981 2920 recitare
1995 2851 2117 2939 volui,
2143 2877 2251 2947 quam
2267 2858 2314 2926 ad

1315 2967 1412 3024 tuam
1431 2953 1675 3047 quaestionem
1690 2953 1951 3044 responderem.

1414 3053 1499 3126 Non
1521 3055 1671 3126 dubium
1694 3069 1745 3126 est
1766 3055 1805 3122 in
1825 3053 1942 3146 primo
1965 3055 2078 3148 capite
2094 3057 2311 3128 narrationis

1315 3154 1549 3248 Evangelicae
1564 3158 1658 3249 apud
1677 3152 1893 3241 Iohannem,
1915 3155 1956 3230 ἐν
1975 3154 2072 3252 ἀρχῇ
2087 3150 2136 3251 ἦν
2152 3153 2173 3231 ὁ
2190 3152 2309 3259 λόγος,

1315 3261 1497 3331 nominari
1511 3259 1645 3331 Filium
1661 3252 1785 3360 λόγον.
1838 3257 1898 3330 Sic
1911 3273 1946 3330 et
1962 3259 2000 3328 in
2017 3255 2179 3352 Epistola
2193 3263 2309 3354 prima

1318 3359 1506 3447 lobannis,
1532 3363 1645 3454 capite
1666 3375 1813 3454 quarto,
1835 3361 2094 3454 scriptumest:
2121 3361 2210 3432 Tres
2222 3377 2306 3434 sunt

1316 3465 1540 3536 testificantes
1565 3465 1602 3534 in
1627 3465 1747 3550 coelo,
1779 3461 1903 3544 Pater,
1928 3457 2071 3563 Λόγος,
2094 3475 2127 3533 ct
2148 3461 2304 3556 Spiritus

1316 3581 1469 3640 sanctus.
1514 3563 1563 3638 Et
1578 3565 1736 3657 Ignatius
1751 3567 1801 3637 ait
1817 3565 2090 3658 intelligendum
2105 3587 2176 3636 esse
2192 3559 2233 3638 id
2261 3591 2304 3640 ον

1315 3663 1499 3764 οὖσιώδη,
1525 3683 1567 3740 ut
1589 3669 1765 3738 discernat
1785 3691 1806 3738 a
1825 3691 1913 3738 sono
1936 3681 2179 3743 evanescente.
2228 3589 2308 3741 Etsi

1315 3787 1433 3844 autem
1449 3775 1494 3842 de
1511 3795 1614 3844 causa
1630 3767 1738 3841 huius
1754 3771 2004 3864 appellationis
2019 3771 2092 3842 scio
2109 3772 2308 3864 Scriptores

1315 3877 1512 3969 disputare,
1546 3887 1666 3945 tamen
1695 3869 1783 3942 haec
1812 3875 1989 3944 enarratio
2014 3873 2136 3943 minus
2160 3875 2309 3946 obscura

1315 3993 1367 4050 est
1383 3977 1550 4063 caeteris,
1575 3977 1647 4046 dici
1665 3970 1761 4045 hunc
1776 3975 1890 4046 lilium
1907 3969 2039 4074 λόγον,
2066 3976 2151 4072 quia
2170 3977 2217 4048 sit
2229 4001 2309 4071 per-

1314 4104 1422 4166 sona,
1454 4103 1519 4172 per
1545 4102 1652 4174 quam
1673 4075 1781 4148 Pater
1810 4078 2008 4171 alloquitur
2028 4073 2247 4167 Ecclesiam,
2275 4093 2310 4150 et

1314 4205 1484 4254 arcanum
1503 4183 1702 4266 decretum,
1728 4178 1894 4250 videlicet
1912 4177 2150 4272 Evangelium
2175 4183 2306 4272 profert

1314 4289 1358 4357 de
1373 4283 1682 4367 reconciliatione,
1706 4280 1867 4373 ignotum
1883 4284 2050 4354 omnibus
2066 4277 2236 4372 Angelis,
2260 4284 2305 4352 si-

1313 4402 1374 4460 cut
1389 4389 1429 4458 in
1445 4382 1604 4460 Iohanne
1618 4385 1789 4476 scripturn
1804 4398 1872 4456 est:
1899 4383 2015 4457 Filius
2028 4384 2090 4481 qui
2104 4399 2158 4458 est
2173 4385 2211 4456 in
2228 4386 2307 4456 sinu

1312 4488 1449 4572 Patris,
1473 4489 1547 4582 ipse
1566 4487 1743 4558 enarravit
1759 4487 1876 4561 nobis.

1413 4591 1511 4664 Haec
1527 4589 1772 4683 interpretatio
1786 4587 1945 4659 nominis
1960 4588 2065 4660 etiam
2080 4589 2198 4662 dulcis
2212 4615 2310 4662 com-

1312 4694 1525 4765 monefactio
1550 4709 1601 4764 est
1625 4695 1670 4762 de
1691 4704 1863 4785 perpetua
1888 4707 1921 4764 et
1944 4692 2086 4762 assidua
2110 4695 2310 4788 praesentia

273 4815 309 4874 et
332 4803 377 4872 de
398 4825 483 4875 sese.
535 4797 685 4874 Etcum
708 4799 855 4869 dixerit:
879 4793 957 4890 Ego
980 4822 1059 4870 sum
1078 4799 1177 4885 vitis,
1201 4825 1264 4870 vos
1311 4798 1377 4867 lilii
1391 4795 1461 4868 Dei
1483 4797 1577 4889 apud
1594 4791 1805 4880 Ecclesiam,
1832 4797 1876 4864 de
1897 4819 1967 4890 qua
1989 4818 2093 4887 saepe
2114 4799 2311 4867 conciona-

273 4903 455 5000 palmites,
480 4929 564 4992 oro,
589 4919 630 4976 ut
651 4927 718 4973 nos
738 4901 807 4971 sibi
823 4901 982 4986 inserat,¹
1000 4915 1167 4996 tanquam
1184 4926 1263 4972 sur·
1310 4913 1387 4971 tur:
1414 4897 1507 4970 Ecce
1528 4921 1591 4988 ego
1613 4897 1797 4968 vobiscum
1820 4919 1896 4967 sum
1918 4891 2089 4967 'omnibus
2103 4899 2231 4970 diebus
2246 4925 2310 4971 us-

238 5009 371 5084 ¹culos
386 5019 423 5077 et
438 5005 612 5096 palmites.
662 5005 760 5076 Haec
776 5029 855 5074 cum
873 5004 912 5072 in
928 5003 1153 5074 invocatione
1166 5005 1262 5095 cogi·
1310 5027 1380 5096 que
1401 5004 1445 5071 ad
1468 5000 1813 5072 consummationem
1838 4999 1959 5073 seculi.
2010 4998 2116 5070 Item:
2144 4997 2309 5073 Ubicun-

269 5127 404 5194 tamus,
429 5103 487 5178 his
507 5108 593 5201 ipsis
614 5107 827 5180 testimoniis
848 5109 892 5176 de
907 5105 1086 5178 beneficiis
1103 5131 1261 5177 commo·
1309 5129 1378 5198 que
1400 5105 1472 5174 duo
1496 5117 1557 5174 aut
1582 5117 1651 5174 tres
1674 5115 1758 5173 sunt
1773 5102 1975 5191 congregati
1991 5101 2030 5169 in
2048 5104 2197 5174 nomine
2214 5129 2308 5190 meo,

266 5213 396 5285 nefasti
432 5233 678 5302 agnoscamus,
719 5235 801 5281 vere
834 5205 931 5281 hunc
961 5207 1161 5280 Dominum
1188 5233 1261 5280 esse
1308 5207 1348 5274 in
1363 5207 1482 5302 medio
1500 5230 1622 5276 eorum
1641 5230 1730 5276 sum.
1779 5199 1856 5294 Ego
1871 5227 1950 5274 sum
1966 5203 2066 5287 vitis,
2092 5228 2157 5276 vos
2176 5207 2306 5298 palmi-

267 5317 563 5411 omnipotentem,
589 5327 623 5384 et
637 5339 775 5406 semper
788 5309 1079 5386 vcraeEcclesiae
1095 5311 1258 5387 adfuisse.
1307 5324 1380 5395 tes,
1406 5309 1483 5378 sine
1503 5333 1560 5378 me
1583 5303 1676 5378 nihil
1698 5307 1844 5399 potestis
1866 5308 1993 5382 facere.
2045 5303 2123 5398 Ego
2147 5309 2187 5379 in
2207 5323 2306 5402 patre

264 5415 313 5490 Et
340 5421 484 5514 quidem
508 5417 676 5491 universa
695 5412 908 5510 Prophetica
933 5415 1094 5487 doctrina
1119 5416 1168 5487 ita
1191 5439 1258 5486 nos
1306 5435 1386 5483 meo
1414 5435 1512 5500 sum,
1544 5435 1607 5484 vos
1635 5413 1675 5482 in
1705 5433 1780 5495 me,
1813 5423 1847 5482 et
1870 5433 1934 5501 ego
1960 5409 2000 5480 in
2026 5411 2139 5488 vobis.
2197 5411 2305 5484 Item:
