<?xml version="1.0" encoding="UTF-8"?>
<!DOCTYPE html PUBLIC "-//W3C//DTD XHTML 1.0 Transitional//EN"
    "http://www.w3.org/TR/xhtml1/DTD/xhtml1-transitional.dtd">
<html xmlns="http://www.w3.org/1999/xhtml" xml:lang="en" lang="en">
 <head>
  <title>
</title>
<meta http-equiv="Content-Type" content="text/html;charset=utf-8" />
  <meta name='ocr-system' content='tesseract 3.04.00' />
  <meta name='ocr-capabilities' content='ocr_page ocr_carea ocr_par ocr_line ocrx_word'/>
</head>
<body>
  <div class='ocr_page' id='page_1' title='image "./philippimelanth07bindgoog_0060.png"; bbox 0 0 4906 5986; ppageno 0'>
   <div class='ocr_carea' id='block_1_1' title="bbox 258 147 2324 262">
    <p class='ocr_par' dir='ltr' id='par_1_1' title="bbox 258 147 2324 262">
     <span class='ocr_line' id='line_1_1' title="bbox 258 147 2324 262; baseline -0.008 -6"><span class='ocrx_word' id='word_1_1' title='bbox 258 171 310 256; x_wconf 68' lang='lat'><strong>91</strong></span> <span class='ocrx_word' id='word_1_2' title='bbox 450 147 1313 248; x_wconf 79' lang='lat' dir='ltr'><strong>ur·ts&#39;rouattu1tt.tttutctouuru</strong></span> <span class='ocrx_word' id='word_1_3' title='bbox 1336 152 1413 236; x_wconf 82' lang='grc' dir='ltr'><strong>ΕΤ</strong></span> <span class='ocrx_word' id='word_1_4' title='bbox 1439 156 1842 262; x_wconf 65' lang='lat' dir='ltr'><strong>scutrrouutu</strong></span> <span class='ocrx_word' id='word_1_5' title='bbox 1893 159 2134 248; x_wconf 78' lang='lat' dir='ltr'><strong>urunt.</strong></span> <span class='ocrx_word' id='word_1_6' title='bbox 2274 163 2324 240; x_wconf 76' lang='lat'><strong>92</strong></span> 
     </span>
    </p>
   </div>
   <div class='ocr_carea' id='block_1_2' title="bbox 271 311 2108 856">
    <p class='ocr_par' dir='ltr' id='par_1_2' title="bbox 271 311 2108 856">
     <span class='ocr_line' id='line_1_2' title="bbox 271 311 2108 448; baseline -0.056 -22"><span class='ocrx_word' id='word_1_7' title='bbox 271 355 350 426; x_wconf 90' lang='lat' dir='ltr'><strong>sine</strong></span> <span class='ocrx_word' id='word_1_8' title='bbox 377 345 512 420; x_wconf 93' lang='lat' dir='ltr'><strong>iudicio</strong></span> <span class='ocrx_word' id='word_1_9' title='bbox 538 339 754 424; x_wconf 85' lang='lat' dir='ltr'><strong>interlicere3</strong></span> <span class='ocrx_word' id='word_1_10' title='bbox 795 332 925 404; x_wconf 88' lang='lat' dir='ltr'><strong>deinde</strong></span> <span class='ocrx_word' id='word_1_11' title='bbox 955 343 1040 403; x_wconf 89' lang='lat' dir='ltr'><strong>sunt</strong></span> <span class='ocrx_word' id='word_1_12' title='bbox 1061 322 1205 448; x_wconf 45' lang='lat' dir='ltr'><strong>idaeo..</strong></span> <span class='ocrx_word' id='word_1_13' title='bbox 1229 327 1274 400; x_wconf 88' lang='lat' dir='ltr'><strong>de</strong></span> <span class='ocrx_word' id='word_1_14' title='bbox 1700 328 1940 434; x_wconf 41' lang='lat' dir='ltr'><strong>(squamis.)</strong></span> <span class='ocrx_word' id='word_1_15' title='bbox 2105 311 2108 324; x_wconf 93' lang='lat'><strong>.</strong></span> 
     </span>
     <span class='ocr_line' id='line_1_3' title="bbox 275 429 2026 538; baseline -0.032 -11"><span class='ocrx_word' id='word_1_16' title='bbox 275 452 382 529; x_wconf 78' lang='lat' dir='ltr'><strong>amici</strong></span> <span class='ocrx_word' id='word_1_17' title='bbox 406 463 441 520; x_wconf 90' lang='lat' dir='ltr'><strong>et</strong></span> <span class='ocrx_word' id='word_1_18' title='bbox 461 443 602 538; x_wconf 79' lang='lat' dir='ltr'><strong>cognati</strong></span> <span class='ocrx_word' id='word_1_19' title='bbox 625 439 760 524; x_wconf 86' lang='lat' dir='ltr'><strong>officio,</strong></span> <span class='ocrx_word' id='word_1_20' title='bbox 791 437 836 506; x_wconf 91' lang='lat' dir='ltr'><strong>de</strong></span> <span class='ocrx_word' id='word_1_21' title='bbox 859 433 1020 504; x_wconf 91' lang='lat' dir='ltr'><strong>moribus</strong></span> <span class='ocrx_word' id='word_1_22' title='bbox 1041 429 1275 524; x_wconf 73' lang='lat' dir='ltr'><strong>popularibus</strong></span> <span class='ocrx_word' id='word_1_23' title='bbox 1995 446 2026 472; x_wconf 88' lang='lat'>.</span> 
     </span>
     <span class='ocr_line' id='line_1_4' title="bbox 278 533 1276 630; baseline -0.03 0"><span class='ocrx_word' id='word_1_24' title='bbox 278 553 448 630; x_wconf 88' lang='lat' dir='ltr'><strong>sedandis</strong></span> <span class='ocrx_word' id='word_1_25' title='bbox 462 573 539 620; x_wconf 91' lang='lat' dir='ltr'><strong>non</strong></span> <span class='ocrx_word' id='word_1_26' title='bbox 552 546 590 615; x_wconf 90' lang='lat' dir='ltr'><strong>vi</strong></span> <span class='ocrx_word' id='word_1_27' title='bbox 601 545 662 615; x_wconf 89' lang='lat' dir='ltr'><strong>sed</strong></span> <span class='ocrx_word' id='word_1_28' title='bbox 678 541 836 626; x_wconf 86' lang='lat' dir='ltr'><strong>ratione,</strong></span> <span class='ocrx_word' id='word_1_29' title='bbox 861 550 980 608; x_wconf 86' lang='lat' dir='ltr'><strong>atarte</strong></span> <span class='ocrx_word' id='word_1_30' title='bbox 992 533 1160 621; x_wconf 80' lang='lat' dir='ltr'><strong>cedendi3</strong></span> <span class='ocrx_word' id='word_1_31' title='bbox 1186 555 1276 626; x_wconf 92' lang='lat' dir='ltr'><strong>qua-</strong></span> 
     </span>
     <span class='ocr_line' id='line_1_5' title="bbox 277 633 1278 733; baseline -0.032 0"><span class='ocrx_word' id='word_1_32' title='bbox 277 663 330 733; x_wconf 90' lang='lat' dir='ltr'><strong>les</strong></span> <span class='ocrx_word' id='word_1_33' title='bbox 347 653 476 726; x_wconf 89' lang='lat' dir='ltr'><strong>sintin</strong></span> <span class='ocrx_word' id='word_1_34' title='bbox 501 646 704 720; x_wconf 85' lang='lat' dir='ltr'><strong>civitatibus</strong></span> <span class='ocrx_word' id='word_1_35' title='bbox 720 638 938 712; x_wconf 76' lang='lat' dir='ltr'>seditionum</span> <span class='ocrx_word' id='word_1_36' title='bbox 961 645 1112 711; x_wconf 75' lang='lat' dir='ltr'><strong>autores.</strong></span> <span class='ocrx_word' id='word_1_37' title='bbox 1163 633 1278 711; x_wconf 86' lang='lat' dir='ltr'><strong>Deni-</strong></span> 
     </span>
     <span class='ocr_line' id='line_1_6' title="bbox 280 731 1278 856; baseline -0.027 -25"><span class='ocrx_word' id='word_1_38' title='bbox 280 783 352 856; x_wconf 86' lang='lat' dir='ltr'><strong>que</strong></span> <span class='ocrx_word' id='word_1_39' title='bbox 372 757 491 846; x_wconf 84' lang='lat' dir='ltr'><strong>imago</strong></span> <span class='ocrx_word' id='word_1_40' title='bbox 514 764 567 822; x_wconf 88' lang='lat' dir='ltr'><strong>est</strong></span> <span class='ocrx_word' id='word_1_41' title='bbox 585 747 780 817; x_wconf 82' lang='lat' dir='ltr'><strong>multarum</strong></span> <span class='ocrx_word' id='word_1_42' title='bbox 796 765 916 814; x_wconf 86' lang='lat' dir='ltr'><strong>rorum</strong></span> <span class='ocrx_word' id='word_1_43' title='bbox 937 736 1024 810; x_wconf 87' lang='lat' dir='ltr'><strong>haec</strong></span> <span class='ocrx_word' id='word_1_44' title='bbox 1036 737 1156 808; x_wconf 84' lang='lat' dir='ltr'><strong>fabula</strong></span> <span class='ocrx_word' id='word_1_45' title='bbox 1170 731 1278 806; x_wconf 91' lang='lat' dir='ltr'><strong>huius</strong></span> 
     </span>
    </p>
   </div>
   <div class='ocr_carea' id='block_1_3' title="bbox 1325 475 2327 783">
    <p class='ocr_par' dir='ltr' id='par_1_3' title="bbox 1325 475 2327 783">
     <span class='ocr_line' id='line_1_7' title="bbox 1325 475 2325 578; baseline -0.009 -17"><span class='ocrx_word' id='word_1_46' title='bbox 1325 475 1434 561; x_wconf 85' lang='lat' dir='ltr'><strong>Duas</strong></span> <span class='ocrx_word' id='word_1_47' title='bbox 1454 479 1574 556; x_wconf 88' lang='lat' dir='ltr'><strong>indico</strong></span> <span class='ocrx_word' id='word_1_48' title='bbox 1596 483 1802 556; x_wconf 87' lang='lat' dir='ltr'><strong>utilissimas</strong></span> <span class='ocrx_word' id='word_1_49' title='bbox 1827 507 1901 556; x_wconf 87' lang='lat' dir='ltr'><strong>esse</strong></span> <span class='ocrx_word' id='word_1_50' title='bbox 1919 483 2182 578; x_wconf 85' lang='lat' dir='ltr'><strong>praelectiones</strong></span> <span class='ocrx_word' id='word_1_51' title='bbox 2206 481 2325 552; x_wconf 91' lang='lat' dir='ltr'><strong>omni-</strong></span> 
     </span>
     <span class='ocr_line' id='line_1_8' title="bbox 1326 579 2327 682; baseline -0.004 -22"><span class='ocrx_word' id='word_1_52' title='bbox 1326 591 1394 660; x_wconf 89' lang='lat' dir='ltr'><strong>bus</strong></span> <span class='ocrx_word' id='word_1_53' title='bbox 1413 579 1652 674; x_wconf 71' lang='lat' dir='ltr'><strong>scholasticis,</strong></span> <span class='ocrx_word' id='word_1_54' title='bbox 1687 585 1750 682; x_wconf 90' lang='lat' dir='ltr'><strong>qui</strong></span> <span class='ocrx_word' id='word_1_55' title='bbox 1772 587 1875 658; x_wconf 91' lang='lat' dir='ltr'><strong>initia</strong></span> <span class='ocrx_word' id='word_1_56' title='bbox 1896 581 2151 680; x_wconf 73' lang='lat' dir='ltr'><strong>philosophiae</strong></span> <span class='ocrx_word' id='word_1_57' title='bbox 2174 584 2327 671; x_wconf 85' lang='lat' dir='ltr'><strong>diseunt,</strong></span> 
     </span>
     <span class='ocr_line' id='line_1_9' title="bbox 1328 685 2326 783; baseline 0 -23"><span class='ocrx_word' id='word_1_58' title='bbox 1328 715 1427 774; x_wconf 90' lang='lat' dir='ltr'><strong>eam,</strong></span> <span class='ocrx_word' id='word_1_59' title='bbox 1456 688 1498 758; x_wconf 93' lang='lat' dir='ltr'><strong>in</strong></span> <span class='ocrx_word' id='word_1_60' title='bbox 1518 711 1587 783; x_wconf 90' lang='lat' dir='ltr'><strong>qua</strong></span> <span class='ocrx_word' id='word_1_61' title='bbox 1605 685 2069 775; x_wconf 76' lang='lat' dir='ltr'><strong>traduntur-Arithmetica‚</strong></span> <span class='ocrx_word' id='word_1_62' title='bbox 2102 699 2140 759; x_wconf 91' lang='lat' dir='ltr'><strong>et</strong></span> <span class='ocrx_word' id='word_1_63' title='bbox 2155 687 2326 760; x_wconf 87' lang='lat' dir='ltr'><strong>elementa</strong></span> 
     </span>
    </p>
   </div>
   <div class='ocr_carea' id='block_1_4' title="bbox 283 785 2328 987">
    <p class='ocr_par' dir='ltr' id='par_1_4' title="bbox 283 785 2328 987">
     <span class='ocr_line' id='line_1_10' title="bbox 283 785 2328 953; baseline -0.035 -17"><span class='ocrx_word' id='word_1_64' title='bbox 283 855 466 953; x_wconf 81' lang='lat' dir='ltr'><strong>scriptoris</strong></span> <span class='ocrx_word' id='word_1_65' title='bbox 476 851 526 948; x_wconf 84' lang='lat'><strong>*).</strong></span> <span class='ocrx_word' id='word_1_66' title='bbox 562 848 752 945; x_wconf 75' lang='lat' dir='ltr'><strong>Propterea</strong></span> <span class='ocrx_word' id='word_1_67' title='bbox 768 833 894 916; x_wconf 75' lang='lat' dir='ltr'><strong>bo&#39;rtor</strong></span> <span class='ocrx_word' id='word_1_68' title='bbox 907 837 1134 912; x_wconf 88' lang='lat' dir='ltr'><strong>scholasticos</strong></span> <span class='ocrx_word' id='word_1_69' title='bbox 1145 851 1186 908; x_wconf 87' lang='lat' dir='ltr'><strong>ut</strong></span> <span class='ocrx_word' id='word_1_70' title='bbox 1202 861 1279 907; x_wconf 91' lang='lat' dir='ltr'><strong>eam</strong></span> <span class='ocrx_word' id='word_1_71' title='bbox 1326 787 1530 914; x_wconf 48' lang='lat' dir='ltr'><strong>§Phaeflffl’</strong></span> <span class='ocrx_word' id='word_1_72' title='bbox 1559 813 1600 860; x_wconf 74' lang='lat'><strong>³⁰</strong></span> <span class='ocrx_word' id='word_1_73' title='bbox 1614 792 1780 914; x_wconf 43' lang='lat' dir='ltr'><strong>afferma</strong></span> <span class='ocrx_word' id='word_1_74' title='bbox 1805 792 1844 860; x_wconf 67' lang='lat'><strong>3¹¹</strong></span> <span class='ocrx_word' id='word_1_75' title='bbox 1863 815 1933 886; x_wconf 71' lang='lat'><strong>&lt;1¹¹³</strong></span> <span class='ocrx_word' id='word_1_76' title='bbox 1951 790 2096 926; x_wconf 58' lang='lat' dir='ltr'><strong>“Otdla</strong></span> <span class='ocrx_word' id='word_1_77' title='bbox 2114 785 2279 884; x_wconf 66' lang='lat' dir='ltr'><strong>Phytltes</strong></span> <span class='ocrx_word' id='word_1_78' title='bbox 2295 804 2328 861; x_wconf 81' lang='lat' dir='ltr'><strong>et</strong></span> 
     </span>
     <span class='ocr_line' id='line_1_11' title="bbox 1330 887 2326 987; baseline -0.008 -20"><span class='ocrx_word' id='word_1_79' title='bbox 1330 898 1491 987; x_wconf 83' lang='lat' dir='ltr'><strong>doctrrna</strong></span> <span class='ocrx_word' id='word_1_80' title='bbox 1518 895 1563 962; x_wconf 88' lang='lat' dir='ltr'><strong>de</strong></span> <span class='ocrx_word' id='word_1_81' title='bbox 1592 917 1730 980; x_wconf 75' lang='lat' dir='ltr'><strong>anama,</strong></span> <span class='ocrx_word' id='word_1_82' title='bbox 1764 907 2026 987; x_wconf 88' lang='lat' dir='ltr'><strong>proponuntur.</strong></span> <span class='ocrx_word' id='word_1_83' title='bbox 2086 887 2184 961; x_wconf 89' lang='lat' dir='ltr'><strong>Cum</strong></span> <span class='ocrx_word' id='word_1_84' title='bbox 2212 905 2326 962; x_wconf 84' lang='lat' dir='ltr'><strong>antem</strong></span> 
     </span>
    </p>
   </div>
   <div class='ocr_carea' id='block_1_5' title="bbox 283 935 2328 1143">
    <p class='ocr_par' dir='ltr' id='par_1_5' title="bbox 283 935 2328 1143">
     <span class='ocr_line' id='line_1_12' title="bbox 283 935 2328 1084; baseline -0.01 1"><span class='ocrx_word' id='word_1_85' title='bbox 283 965 474 1084; x_wconf 55' lang='lat' dir='ltr'><strong>diligenter</strong></span> <span class='ocrx_word' id='word_1_86' title='bbox 498 952 659 1025; x_wconf 51' lang='lat' dir='ltr'><strong>audiam</strong></span> <span class='ocrx_word' id='word_1_87' title='bbox 718 945 759 1020; x_wconf 61' lang='lat' dir='ltr'><strong>si</strong></span> <span class='ocrx_word' id='word_1_88' title='bbox 782 946 913 1066; x_wconf 32' lang='lat' dir='ltr'><strong>quim?</strong></span> <span class='ocrx_word' id='word_1_89' title='bbox 935 945 1064 1014; x_wconf 61' lang='lat' dir='ltr'><strong>desum</strong></span> <span class='ocrx_word' id='word_1_90' title='bbox 1087 942 1224 1058; x_wconf 52' lang='lat' dir='ltr'><strong>codloes</strong></span> <span class='ocrx_word' id='word_1_91' title='bbox 1240 935 1280 1006; x_wconf 60' lang='lat' dir='ltr'><strong>hi</strong></span> <span class='ocrx_word' id='word_1_92' title='bbox 1330 992 1419 1066; x_wconf 90' lang='lat' dir='ltr'><strong>hora</strong></span> <span class='ocrx_word' id='word_1_93' title='bbox 1436 994 1646 1066; x_wconf 83' lang='lat' dir='ltr'><strong>duodecima</strong></span> <span class='ocrx_word' id='word_1_94' title='bbox 1660 1019 1725 1065; x_wconf 85' lang='lat' dir='ltr'><strong>nec</strong></span> <span class='ocrx_word' id='word_1_95' title='bbox 1740 996 1884 1078; x_wconf 86' lang='lat' dir='ltr'><strong>lectori,</strong></span> <span class='ocrx_word' id='word_1_96' title='bbox 1916 1019 1982 1064; x_wconf 89' lang='lat' dir='ltr'><strong>nec</strong></span> <span class='ocrx_word' id='word_1_97' title='bbox 1997 993 2230 1065; x_wconf 70' lang='lat' dir='ltr'><strong>auditoribus</strong></span> <span class='ocrx_word' id='word_1_98' title='bbox 2252 994 2328 1064; x_wconf 91' lang='lat' dir='ltr'><strong>ido-</strong></span> 
     </span>
     <span class='ocr_line' id='line_1_13' title="bbox 285 1031 1336 1143; baseline -0.032 -4"><span class='ocrx_word' id='word_1_99' title='bbox 285 1075 398 1140; x_wconf 83' lang='lat' dir='ltr'><strong>scrant</strong></span> <span class='ocrx_word' id='word_1_100' title='bbox 421 1057 562 1130; x_wconf 78' lang='lat' dir='ltr'><strong>venales</strong></span> <span class='ocrx_word' id='word_1_101' title='bbox 583 1075 657 1122; x_wconf 84' lang='lat' dir='ltr'><strong>esse</strong></span> <span class='ocrx_word' id='word_1_102' title='bbox 680 1050 776 1143; x_wconf 88' lang='lat' dir='ltr'><strong>apud</strong></span> <span class='ocrx_word' id='word_1_103' title='bbox 805 1047 1038 1140; x_wconf 72' lang='lat' dir='ltr'><strong>bibliopolam</strong></span> <span class='ocrx_word' id='word_1_104' title='bbox 1065 1031 1281 1139; x_wconf 71' lang='lat' dir='ltr'><strong>Chrestoph.</strong></span> <span class='ocrx_word' id='word_1_105' title='bbox 1331 1091 1336 1100; x_wconf 89' lang='lat'><strong>.</strong></span> 
     </span>
    </p>
   </div>
   <div class='ocr_carea' id='block_1_6' title="bbox 288 1090 2329 1293">
    <p class='ocr_par' dir='ltr' id='par_1_6' title="bbox 288 1090 2329 1293">
     <span class='ocr_line' id='line_1_14' title="bbox 578 1090 2327 1220; baseline -0.003 -48"><span class='ocrx_word' id='word_1_106' title='bbox 578 1155 627 1174; x_wconf 91' lang='lat'><strong>..</strong></span> <span class='ocrx_word' id='word_1_107' title='bbox 839 1149 874 1220; x_wconf 74' lang='lat' dir='ltr'><strong>d.</strong></span> <span class='ocrx_word' id='word_1_108' title='bbox 1002 1148 1011 1165; x_wconf 84' lang='lat'><strong>.</strong></span> <span class='ocrx_word' id='word_1_109' title='bbox 1086 1145 1100 1215; x_wconf 71' lang='lat' dir='ltr'>l</span> <span class='ocrx_word' id='word_1_110' title='bbox 1331 1121 1398 1168; x_wconf 88' lang='lat' dir='ltr'><strong>nea</strong></span> <span class='ocrx_word' id='word_1_111' title='bbox 1428 1095 1493 1184; x_wconf 87' lang='lat' dir='ltr'><strong>sit,</strong></span> <span class='ocrx_word' id='word_1_112' title='bbox 1530 1097 1579 1167; x_wconf 89' lang='lat' dir='ltr'><strong>ita</strong></span> <span class='ocrx_word' id='word_1_113' title='bbox 1611 1097 1846 1168; x_wconf 89' lang='lat' dir='ltr'><strong>iudicavimus</strong></span> <span class='ocrx_word' id='word_1_114' title='bbox 1872 1097 2141 1168; x_wconf 87' lang='lat' dir='ltr'><strong>distribuendas</strong></span> <span class='ocrx_word' id='word_1_115' title='bbox 2168 1117 2242 1166; x_wconf 83' lang='lat' dir='ltr'><strong>csse</strong></span> <span class='ocrx_word' id='word_1_116' title='bbox 2265 1090 2327 1166; x_wconf 91' lang='lat' dir='ltr'><strong>has</strong></span> 
     </span>
     <span class='ocr_line' id='line_1_15' title="bbox 288 1155 2329 1293; baseline -0.005 -16"><span class='ocrx_word' id='word_1_117' title='bbox 288 1157 460 1238; x_wconf 51' lang='lat' dir='ltr'><em>mmm·</em></span> <span class='ocrx_word' id='word_1_118' title='bbox 512 1155 687 1248; x_wconf 57' lang='lat' dir='ltr'><strong>lnupmm</strong></span> <span class='ocrx_word' id='word_1_119' title='bbox 704 1165 823 1224; x_wconf 60' lang='lat' dir='ltr'><strong>mm</strong></span> <span class='ocrx_word' id='word_1_120' title='bbox 864 1171 1071 1242; x_wconf 51' lang='lat' dir='ltr'>mptum</span> <span class='ocrx_word' id='word_1_121' title='bbox 1101 1169 1205 1218; x_wconf 59' lang='lat' dir='ltr'><strong>um</strong></span> <span class='ocrx_word' id='word_1_122' title='bbox 1333 1221 1475 1293; x_wconf 87' lang='lat' dir='ltr'><strong>operas,</strong></span> <span class='ocrx_word' id='word_1_123' title='bbox 1500 1210 1541 1268; x_wconf 91' lang='lat' dir='ltr'><strong>ut</strong></span> <span class='ocrx_word' id='word_1_124' title='bbox 1556 1193 1643 1270; x_wconf 91' lang='lat' dir='ltr'><strong>hora</strong></span> <span class='ocrx_word' id='word_1_125' title='bbox 1653 1199 1757 1271; x_wconf 90' lang='lat' dir='ltr'><strong>tertia</strong></span> <span class='ocrx_word' id='word_1_126' title='bbox 1772 1200 1810 1268; x_wconf 94' lang='lat' dir='ltr'><strong>in</strong></span> <span class='ocrx_word' id='word_1_127' title='bbox 1826 1200 2003 1270; x_wconf 91' lang='lat' dir='ltr'><strong>auditorio</strong></span> <span class='ocrx_word' id='word_1_128' title='bbox 2018 1197 2180 1268; x_wconf 88' lang='lat' dir='ltr'><strong>maximo</strong></span> <span class='ocrx_word' id='word_1_129' title='bbox 2195 1197 2329 1268; x_wconf 86' lang='lat' dir='ltr'><strong>tribua·</strong></span> 
     </span>
    </p>
   </div>
   <div class='ocr_carea' id='block_1_7' title="bbox 289 1295 2383 1858">
    <p class='ocr_par' dir='ltr' id='par_1_7' title="bbox 772 1295 2383 1496">
     <span class='ocr_line' id='line_1_16' title="bbox 1076 1295 2383 1396; baseline -0.005 -20"><span class='ocrx_word' id='word_1_130' title='bbox 1076 1368 1278 1396; x_wconf 80' lang='lat'><strong>-·--·-.·</strong></span> <span class='ocrx_word' id='word_1_131' title='bbox 1333 1295 1662 1376; x_wconf 79' lang='lat' dir='ltr'><strong>turArithmeticae</strong></span> <span class='ocrx_word' id='word_1_132' title='bbox 1685 1315 1718 1372; x_wconf 91' lang='lat' dir='ltr'><strong>et</strong></span> <span class='ocrx_word' id='word_1_133' title='bbox 1734 1297 1944 1394; x_wconf 83' lang='lat' dir='ltr'><strong>Sphaericae</strong></span> <span class='ocrx_word' id='word_1_134' title='bbox 1964 1301 2175 1384; x_wconf 85' lang='lat' dir='ltr'><strong>doctrinae,</strong></span> <span class='ocrx_word' id='word_1_135' title='bbox 2206 1311 2328 1394; x_wconf 87' lang='lat' dir='ltr'><strong>quarta</strong></span> <span class='ocrx_word' id='word_1_136' title='bbox 2378 1377 2383 1384; x_wconf 55' lang='grc'>,</span> 
     </span>
     <span class='ocr_line' id='line_1_17' title="bbox 772 1395 2327 1496; baseline 0.003 -28"><span class='ocrx_word' id='word_1_137' title='bbox 772 1441 784 1468; x_wconf 79' lang='grc'><strong>.</strong></span> <span class='ocrx_word' id='word_1_138' title='bbox 1112 1429 1117 1442; x_wconf 90' lang='grc'><em>·</em></span> <span class='ocrx_word' id='word_1_139' title='bbox 1334 1427 1420 1474; x_wconf 85' lang='lat' dir='ltr'><strong>vero</strong></span> <span class='ocrx_word' id='word_1_140' title='bbox 1435 1404 1475 1472; x_wconf 88' lang='lat' dir='ltr'><strong>ln</strong></span> <span class='ocrx_word' id='word_1_141' title='bbox 1490 1403 1669 1476; x_wconf 78' lang='lat' dir='ltr'><strong>auditorio</strong></span> <span class='ocrx_word' id='word_1_142' title='bbox 1685 1401 1929 1489; x_wconf 79' lang='lat' dir='ltr'><strong>Medicorum,</strong></span> <span class='ocrx_word' id='word_1_143' title='bbox 1954 1402 2143 1474; x_wconf 88' lang='lat' dir='ltr'><strong>doctrinae</strong></span> <span class='ocrx_word' id='word_1_144' title='bbox 2155 1395 2327 1496; x_wconf 87' lang='lat' dir='ltr'><strong>physicae.</strong></span> 
     </span>
    </p>

    <p class='ocr_par' dir='ltr' id='par_1_8' title="bbox 289 1500 2328 1858">
     <span class='ocr_line' id='line_1_18' title="bbox 289 1500 2327 1614; baseline -0.017 -6"><span class='ocrx_word' id='word_1_145' title='bbox 289 1537 357 1614; x_wconf 84' lang='lat' dir='ltr'><strong>No.</strong></span> <span class='ocrx_word' id='word_1_146' title='bbox 373 1533 487 1608; x_wconf 79' lang='lat'><strong>7087.</strong></span> <span class='ocrx_word' id='word_1_147' title='bbox 583 1520 622 1556; x_wconf 47' lang='lat'><strong>¹·</strong></span> <span class='ocrx_word' id='word_1_148' title='bbox 1163 1554 1206 1572; x_wconf 90' lang='lat'><em>-</em></span> <span class='ocrx_word' id='word_1_149' title='bbox 1233 1553 1280 1571; x_wconf 93' lang='lat'><em>-</em></span> <span class='ocrx_word' id='word_1_150' title='bbox 1335 1503 1472 1576; x_wconf 87' lang='lat' dir='ltr'><strong>Hortor</strong></span> <span class='ocrx_word' id='word_1_151' title='bbox 1492 1517 1610 1576; x_wconf 90' lang='lat' dir='ltr'><strong>autem</strong></span> <span class='ocrx_word' id='word_1_152' title='bbox 1635 1500 1881 1610; x_wconf 73' lang='lat' dir='ltr'><strong>scholasticos,</strong></span> <span class='ocrx_word' id='word_1_153' title='bbox 1913 1506 1986 1575; x_wconf 93' lang='lat' dir='ltr'><strong>imo</strong></span> <span class='ocrx_word' id='word_1_154' title='bbox 2010 1517 2164 1598; x_wconf 89' lang='lat' dir='ltr'><strong>propter</strong></span> <span class='ocrx_word' id='word_1_155' title='bbox 2185 1504 2327 1574; x_wconf 87' lang='lat' dir='ltr'><strong>salutern</strong></span> 
     </span>
     <span class='ocr_line' id='line_1_19' title="bbox 296 1607 2327 1701; baseline -0.002 -20"><span class='ocrx_word' id='word_1_156' title='bbox 296 1631 470 1665; x_wconf 48' lang='grc' dir='ltr'><strong>*Ν</strong></span> <span class='ocrx_word' id='word_1_157' title='bbox 685 1669 688 1676; x_wconf 88' lang='grc'><em>,</em></span> <span class='ocrx_word' id='word_1_158' title='bbox 1157 1613 1284 1638; x_wconf 70' lang='grc'><strong>“’*“””</strong></span> <span class='ocrx_word' id='word_1_159' title='bbox 1337 1607 1503 1678; x_wconf 88' lang='lat' dir='ltr'><strong>ecclesiae</strong></span> <span class='ocrx_word' id='word_1_160' title='bbox 1534 1621 1568 1678; x_wconf 90' lang='lat' dir='ltr'><strong>et</strong></span> <span class='ocrx_word' id='word_1_161' title='bbox 1591 1621 1736 1701; x_wconf 88' lang='lat' dir='ltr'><strong>propter</strong></span> <span class='ocrx_word' id='word_1_162' title='bbox 1757 1609 1906 1700; x_wconf 80' lang='lat' dir='ltr'><strong>gloriam</strong></span> <span class='ocrx_word' id='word_1_163' title='bbox 1936 1607 1994 1678; x_wconf 93' lang='lat' dir='ltr'><strong>dei</strong></span> <span class='ocrx_word' id='word_1_164' title='bbox 2016 1607 2183 1677; x_wconf 87' lang='lat' dir='ltr'><strong>obtestor</strong></span> <span class='ocrx_word' id='word_1_165' title='bbox 2203 1629 2327 1692; x_wconf 87' lang='lat' dir='ltr'><strong>omnes,</strong></span> 
     </span>
     <span class='ocr_line' id='line_1_20' title="bbox 641 1705 2328 1858; baseline -0.003 -76"><span class='ocrx_word' id='word_1_166' title='bbox 641 1733 927 1858; x_wconf 46' lang='lat' dir='ltr'><em>(studim.)</em></span> <span class='ocrx_word' id='word_1_167' title='bbox 1211 1795 1214 1802; x_wconf 26' lang='grc' dir='ltr'>Ι</span> <span class='ocrx_word' id='word_1_168' title='bbox 1336 1723 1378 1780; x_wconf 91' lang='lat' dir='ltr'><strong>ut</strong></span> <span class='ocrx_word' id='word_1_169' title='bbox 1400 1705 1493 1780; x_wconf 88' lang='lat' dir='ltr'><strong>hane</strong></span> <span class='ocrx_word' id='word_1_170' title='bbox 1516 1709 1628 1802; x_wconf 88' lang='lat' dir='ltr'><strong>ipsam</strong></span> <span class='ocrx_word' id='word_1_171' title='bbox 1652 1711 1851 1782; x_wconf 87' lang='lat' dir='ltr'><strong>doctrinam</strong></span> <span class='ocrx_word' id='word_1_172' title='bbox 1873 1722 2012 1796; x_wconf 87' lang='lat' dir='ltr'><strong>ament,</strong></span> <span class='ocrx_word' id='word_1_173' title='bbox 2043 1732 2114 1778; x_wconf 88' lang='lat' dir='ltr'><strong>nec</strong></span> <span class='ocrx_word' id='word_1_174' title='bbox 2127 1707 2164 1778; x_wconf 90' lang='lat' dir='ltr'><strong>ei</strong></span> <span class='ocrx_word' id='word_1_175' title='bbox 2220 1708 2328 1780; x_wconf 89' lang='lat' dir='ltr'><strong>studia</strong></span> 
     </span>
    </p>
   </div>
   <div class='ocr_carea' id='block_1_8' title="bbox 361 1812 1529 1983">
    <p class='ocr_par' dir='ltr' id='par_1_9' title="bbox 361 1812 1529 1983">
     <span class='ocr_line' id='line_1_21' title="bbox 361 1812 1529 1983; baseline -0.07 -12"><span class='ocrx_word' id='word_1_176' title='bbox 361 1911 386 1983; x_wconf 80' lang='lat'><em>†</em></span> <span class='ocrx_word' id='word_1_177' title='bbox 403 1903 624 1979; x_wconf 64' lang='lat' dir='ltr'><strong>&amp;autographo</strong></span> <span class='ocrx_word' id='word_1_178' title='bbox 636 1898 771 1958; x_wconf 69' lang='lat' dir='ltr'><strong>atalanta.</strong></span> <span class='ocrx_word' id='word_1_179' title='bbox 782 1895 812 1955; x_wconf 84' lang='lat' dir='ltr'><strong>ia</strong></span> <span class='ocrx_word' id='word_1_180' title='bbox 826 1893 953 1957; x_wconf 76' lang='lat' dir='ltr'><strong>biblioth.</strong></span> <span class='ocrx_word' id='word_1_181' title='bbox 965 1893 1034 1969; x_wconf 61' lang='lat' dir='ltr'><strong>itaq,</strong></span> <span class='ocrx_word' id='word_1_182' title='bbox 1045 1893 1254 1954; x_wconf 41' lang='lat' dir='ltr'><strong>amomum</strong></span> <span class='ocrx_word' id='word_1_183' title='bbox 1337 1812 1529 1902; x_wconf 52' lang='lat' dir='ltr'><strong>nighssffll·</strong></span> 
     </span>
    </p>
   </div>
   <div class='ocr_carea' id='block_1_9' title="bbox 1850 1957 2284 2059">
    <p class='ocr_par' dir='ltr' id='par_1_10' title="bbox 1850 1957 2284 2059">
     <span class='ocr_line' id='line_1_22' title="bbox 1850 1957 2284 2059; baseline 0 -21"><span class='ocrx_word' id='word_1_184' title='bbox 1850 1959 2041 2059; x_wconf 89' lang='lat' dir='ltr'><strong>Philippus</strong></span> <span class='ocrx_word' id='word_1_185' title='bbox 2060 1957 2284 2042; x_wconf 81' lang='lat' dir='ltr'><strong>Melanthea.</strong></span> 
     </span>
    </p>
   </div>
   <div class='ocr_carea' id='block_1_10' title="bbox 294 2035 514 2056">
    <p class='ocr_par' dir='ltr' id='par_1_11' title="bbox 294 2035 514 2056">
     <span class='ocr_line' id='line_1_23' title="bbox 294 2035 514 2056; baseline -0.018 0"><span class='ocrx_word' id='word_1_186' title='bbox 294 2035 514 2056; x_wconf 51' lang='lat' dir='ltr'><strong>..auu—uu*-</strong></span> 
     </span>
    </p>
   </div>
   <div class='ocr_carea' id='block_1_11' title="bbox 271 2097 804 2184">
    <p class='ocr_par' dir='ltr' id='par_1_12' title="bbox 271 2097 804 2184">
     <span class='ocr_line' id='line_1_24' title="bbox 271 2097 804 2184; baseline -0.036 -11"><span class='ocrx_word' id='word_1_187' title='bbox 271 2119 275 2124; x_wconf 82' lang='grc'><strong>’</strong></span> <span class='ocrx_word' id='word_1_188' title='bbox 328 2109 361 2176; x_wconf 64' lang='lat' dir='ltr'><strong>&#39;l</strong></span> <span class='ocrx_word' id='word_1_189' title='bbox 380 2107 520 2184; x_wconf 80' lang='lat' dir='ltr'><strong>Scriptum</strong></span> <span class='ocrx_word' id='word_1_190' title='bbox 533 2112 574 2164; x_wconf 83' lang='lat' dir='ltr'><strong>est</strong></span> <span class='ocrx_word' id='word_1_191' title='bbox 585 2104 658 2174; x_wconf 63' lang='lat' dir='ltr'><strong>igin</strong></span> <span class='ocrx_word' id='word_1_192' title='bbox 677 2097 720 2157; x_wconf 79' lang='lat' dir='ltr'><strong>vel</strong></span> <span class='ocrx_word' id='word_1_193' title='bbox 732 2098 804 2170; x_wconf 72' lang='lat' dir='ltr'><strong>agis.</strong></span> 
     </span>
    </p>
   </div>
   <div class='ocr_carea' id='block_1_12' title="bbox 418 3388 2231 3534">
    <p class='ocr_par' dir='ltr' id='par_1_13' title="bbox 418 3388 2231 3534">
     <span class='ocr_line' id='line_1_25' title="bbox 418 3388 2231 3534; baseline -0.006 -40"><span class='ocrx_word' id='word_1_194' title='bbox 418 3407 488 3515; x_wconf 77' lang='lat' dir='ltr'><strong>o)</strong></span> <span class='ocrx_word' id='word_1_195' title='bbox 543 3397 840 3515; x_wconf 81' lang='lat' dir='ltr'><strong>murum,</strong></span> <span class='ocrx_word' id='word_1_196' title='bbox 902 3389 1266 3506; x_wconf 74' lang='lat' dir='ltr'><strong>uouemus,</strong></span> <span class='ocrx_word' id='word_1_197' title='bbox 1328 3388 1634 3482; x_wconf 80' lang='lat' dir='ltr'><strong>soarrra</strong></span> <span class='ocrx_word' id='word_1_198' title='bbox 1688 3393 2231 3534; x_wconf 71' lang='lat' dir='ltr'><strong>undaurnours,</strong></span> 
     </span>
    </p>
   </div>
   <div class='ocr_carea' id='block_1_13' title="bbox 857 3604 1791 3698">
    <p class='ocr_par' dir='ltr' id='par_1_14' title="bbox 857 3604 1791 3698">
     <span class='ocr_line' id='line_1_26' title="bbox 857 3604 1791 3698; baseline -0.002 -20"><span class='ocrx_word' id='word_1_199' title='bbox 857 3629 944 3698; x_wconf 82' lang='lat' dir='ltr'><strong>quaa</strong></span> <span class='ocrx_word' id='word_1_200' title='bbox 964 3627 1029 3698; x_wconf 87' lang='lat' dir='ltr'><strong>quo</strong></span> <span class='ocrx_word' id='word_1_201' title='bbox 1050 3620 1198 3696; x_wconf 73' lang='lat' dir='ltr'><strong>unpmo</strong></span> <span class='ocrx_word' id='word_1_202' title='bbox 1215 3605 1339 3693; x_wconf 82' lang='lat' dir='ltr'><strong>scripta</strong></span> <span class='ocrx_word' id='word_1_203' title='bbox 1357 3604 1426 3673; x_wconf 85' lang='lat' dir='ltr'><strong>sint</strong></span> <span class='ocrx_word' id='word_1_204' title='bbox 1446 3605 1574 3673; x_wconf 81' lang='lat' dir='ltr'><strong>definiri</strong></span> <span class='ocrx_word' id='word_1_205' title='bbox 1591 3627 1656 3674; x_wconf 87' lang='lat' dir='ltr'><strong>aon</strong></span> <span class='ocrx_word' id='word_1_206' title='bbox 1675 3609 1791 3693; x_wconf 80' lang='lat' dir='ltr'><strong>posuit</strong></span> 
     </span>
    </p>
   </div>
   <div class='ocr_carea' id='block_1_14' title="bbox 241 3859 2402 5391">
    <p class='ocr_par' dir='ltr' id='par_1_15' title="bbox 322 3859 2327 3961">
     <span class='ocr_line' id='line_1_27' title="bbox 322 3859 2327 3961; baseline -0.001 -21"><span class='ocrx_word' id='word_1_207' title='bbox 322 3883 392 3958; x_wconf 73' lang='lat' dir='ltr'><strong>No,</strong></span> <span class='ocrx_word' id='word_1_208' title='bbox 413 3879 529 3954; x_wconf 75' lang='lat'><strong>7088,</strong></span> <span class='ocrx_word' id='word_1_209' title='bbox 1151 3907 1206 3928; x_wconf 88' lang='lat'><em>-</em></span> <span class='ocrx_word' id='word_1_210' title='bbox 1230 3903 1280 3924; x_wconf 90' lang='lat'><em>-</em></span> <span class='ocrx_word' id='word_1_211' title='bbox 1349 3865 1585 3940; x_wconf 83' lang='lat' dir='ltr'><strong>consuetudo:</strong></span> <span class='ocrx_word' id='word_1_212' title='bbox 1617 3859 1783 3938; x_wconf 88' lang='lat' dir='ltr'><strong>homines</strong></span> <span class='ocrx_word' id='word_1_213' title='bbox 1805 3866 1979 3960; x_wconf 86' lang='lat' dir='ltr'><strong>sapientes</strong></span> <span class='ocrx_word' id='word_1_214' title='bbox 2002 3867 2185 3961; x_wconf 80' lang='lat' dir='ltr'><strong>defatigati</strong></span> <span class='ocrx_word' id='word_1_215' title='bbox 2207 3866 2327 3940; x_wconf 88' lang='lat' dir='ltr'><strong>labori-</strong></span> 
     </span>
    </p>

    <p class='ocr_par' dir='ltr' id='par_1_16' title="bbox 241 3965 2330 4202">
     <span class='ocr_line' id='line_1_28' title="bbox 241 3965 2328 4068; baseline -0.003 -23"><span class='ocrx_word' id='word_1_216' title='bbox 241 4061 245 4068; x_wconf 22' lang='grc' dir='ltr'>ι</span> <span class='ocrx_word' id='word_1_217' title='bbox 305 3979 538 4012; x_wconf 51' lang='lat' dir='ltr'><strong>m</strong></span> <span class='ocrx_word' id='word_1_218' title='bbox 1133 3965 1298 3993; x_wconf 63' lang='lat'><strong>‘&#39;⁶⁸⁸&#39;&#39;</strong></span> <span class='ocrx_word' id='word_1_219' title='bbox 1348 3971 1436 4056; x_wconf 91' lang='lat' dir='ltr'><strong>bus,</strong></span> <span class='ocrx_word' id='word_1_220' title='bbox 1459 3969 1568 4040; x_wconf 86' lang='lat' dir='ltr'><strong>semel</strong></span> <span class='ocrx_word' id='word_1_221' title='bbox 1584 3970 1825 4042; x_wconf 86' lang='lat' dir='ltr'><strong>comederunt.</strong></span> <span class='ocrx_word' id='word_1_222' title='bbox 1876 3967 2070 4042; x_wconf 83' lang='lat' dir='ltr'><strong>Venientes</strong></span> <span class='ocrx_word' id='word_1_223' title='bbox 2086 3995 2172 4044; x_wconf 88' lang='lat' dir='ltr'><strong>vero</strong></span> <span class='ocrx_word' id='word_1_224' title='bbox 2184 3973 2228 4044; x_wconf 90' lang='lat' dir='ltr'><strong>ad</strong></span> <span class='ocrx_word' id='word_1_225' title='bbox 2240 3992 2328 4040; x_wconf 86' lang='lat' dir='ltr'><strong>man-</strong></span> 
     </span>
     <span class='ocr_line' id='line_1_29' title="bbox 403 4057 2330 4202; baseline -0.002 -58"><span class='ocrx_word' id='word_1_226' title='bbox 403 4085 502 4202; x_wconf 65' lang='lat' dir='ltr'><strong>(De</strong></span> <span class='ocrx_word' id='word_1_227' title='bbox 523 4080 687 4170; x_wconf 57' lang='lat' dir='ltr'><strong>pipam</strong></span> <span class='ocrx_word' id='word_1_228' title='bbox 713 4077 932 4166; x_wconf 64' lang='lat' dir='ltr'><strong>Veterum</strong></span> <span class='ocrx_word' id='word_1_229' title='bbox 954 4077 1006 4163; x_wconf 66' lang='lat' dir='ltr'><strong>in</strong></span> <span class='ocrx_word' id='word_1_230' title='bbox 1029 4057 1206 4189; x_wconf 53' lang='lat' dir='ltr'><strong>coppim)</strong></span> <span class='ocrx_word' id='word_1_231' title='bbox 1289 4079 1297 4092; x_wconf 92' lang='lat'>&#39;</span> <span class='ocrx_word' id='word_1_232' title='bbox 1350 4094 1446 4156; x_wconf 90' lang='lat' dir='ltr'><strong>sam,</strong></span> <span class='ocrx_word' id='word_1_233' title='bbox 1475 4095 1547 4164; x_wconf 90' lang='lat' dir='ltr'><strong>quo</strong></span> <span class='ocrx_word' id='word_1_234' title='bbox 1563 4071 1691 4144; x_wconf 89' lang='lat' dir='ltr'><strong>melius</strong></span> <span class='ocrx_word' id='word_1_235' title='bbox 1705 4067 1984 4166; x_wconf 80' lang='lat' dir='ltr'><strong>acquiescerent,</strong></span> <span class='ocrx_word' id='word_1_236' title='bbox 2017 4075 2260 4169; x_wconf 84' lang='lat' dir='ltr'><strong>unusquisque</strong></span> <span class='ocrx_word' id='word_1_237' title='bbox 2278 4093 2330 4142; x_wconf 73' lang='lat' dir='ltr'><strong>oc»</strong></span> 
     </span>
    </p>

    <p class='ocr_par' dir='ltr' id='par_1_17' title="bbox 259 4171 2402 5391">
     <span class='ocr_line' id='line_1_30' title="bbox 259 4171 2329 4264; baseline -0.003 -16"><span class='ocrx_word' id='word_1_238' title='bbox 259 4197 261 4205; x_wconf 88' lang='lat'>·</span> <span class='ocrx_word' id='word_1_239' title='bbox 1351 4173 1502 4264; x_wconf 85' lang='lat' dir='ltr'><strong>eupabat</strong></span> <span class='ocrx_word' id='word_1_240' title='bbox 1521 4173 1699 4262; x_wconf 86' lang='lat' dir='ltr'><strong>integrum</strong></span> <span class='ocrx_word' id='word_1_241' title='bbox 1726 4171 1873 4244; x_wconf 84' lang='lat' dir='ltr'><strong>lectum:</strong></span> <span class='ocrx_word' id='word_1_242' title='bbox 1910 4175 1960 4245; x_wconf 88' lang='lat' dir='ltr'><strong>sie</strong></span> <span class='ocrx_word' id='word_1_243' title='bbox 1986 4197 2109 4248; x_wconf 87' lang='lat' dir='ltr'><strong>mensa</strong></span> <span class='ocrx_word' id='word_1_244' title='bbox 2134 4178 2237 4248; x_wconf 82' lang='lat' dir='ltr'><strong>debet</strong></span> <span class='ocrx_word' id='word_1_245' title='bbox 2265 4193 2329 4242; x_wconf 88' lang='lat' dir='ltr'><strong>esse</strong></span> 
     </span>
     <span class='ocr_line' id='line_1_31' title="bbox 1351 4272 2402 4368; baseline -0.002 -23"><span class='ocrx_word' id='word_1_246' title='bbox 1351 4277 1450 4346; x_wconf 89' lang='lat' dir='ltr'><strong>locus</strong></span> <span class='ocrx_word' id='word_1_247' title='bbox 1479 4275 1638 4368; x_wconf 87' lang='lat' dir='ltr'><strong>quietus,</strong></span> <span class='ocrx_word' id='word_1_248' title='bbox 1678 4287 1714 4346; x_wconf 86' lang='lat' dir='ltr'><strong>et</strong></span> <span class='ocrx_word' id='word_1_249' title='bbox 1748 4297 1824 4346; x_wconf 90' lang='lat' dir='ltr'><strong>non</strong></span> <span class='ocrx_word' id='word_1_250' title='bbox 1857 4272 2117 4350; x_wconf 85' lang='lat' dir='ltr'><strong>Centaurorum</strong></span> <span class='ocrx_word' id='word_1_251' title='bbox 2152 4275 2327 4349; x_wconf 84' lang='lat' dir='ltr'><strong>stabulum.</strong></span> <span class='ocrx_word' id='word_1_252' title='bbox 2401 4305 2402 4312; x_wconf 45' lang='lat'>¹</span> 
     </span>
     <span class='ocr_line' id='line_1_32' title="bbox 1353 4375 2327 4472; baseline -0.008 -22"><span class='ocrx_word' id='word_1_253' title='bbox 1353 4375 1438 4450; x_wconf 88' lang='lat' dir='ltr'><strong>Ideo</strong></span> <span class='ocrx_word' id='word_1_254' title='bbox 1456 4375 1657 4448; x_wconf 83' lang='lat' dir='ltr'><strong>assidebant</strong></span> <span class='ocrx_word' id='word_1_255' title='bbox 1671 4391 1757 4448; x_wconf 81' lang='lat' dir='ltr'><strong>tres:</strong></span> <span class='ocrx_word' id='word_1_256' title='bbox 1779 4378 1862 4472; x_wconf 92' lang='lat' dir='ltr'><strong>quia</strong></span> <span class='ocrx_word' id='word_1_257' title='bbox 1880 4401 2050 4450; x_wconf 86' lang='lat' dir='ltr'><strong>numerus</strong></span> <span class='ocrx_word' id='word_1_258' title='bbox 2065 4380 2327 4452; x_wconf 85' lang='lat' dir='ltr'><strong>ternarius-con·</strong></span> 
     </span>
     <span class='ocr_line' id='line_1_33' title="bbox 1353 4477 2325 4574; baseline 0 -28"><span class='ocrx_word' id='word_1_259' title='bbox 1353 4477 1500 4548; x_wconf 83' lang='lat' dir='ltr'><strong>veniens</strong></span> <span class='ocrx_word' id='word_1_260' title='bbox 1532 4492 1586 4548; x_wconf 88' lang='lat' dir='ltr'><strong>est</strong></span> <span class='ocrx_word' id='word_1_261' title='bbox 1617 4479 1816 4571; x_wconf 83' lang='lat' dir='ltr'><strong>colloquiis.</strong></span> <span class='ocrx_word' id='word_1_262' title='bbox 1841 4479 1938 4552; x_wconf 83' lang='lat' dir='ltr'><strong>iuxta</strong></span> <span class='ocrx_word' id='word_1_263' title='bbox 1965 4494 2066 4552; x_wconf 88' lang='lat' dir='ltr'><strong>vetus</strong></span> <span class='ocrx_word' id='word_1_264' title='bbox 2092 4480 2325 4574; x_wconf 86' lang='lat' dir='ltr'><strong>proverbium:</strong></span> 
     </span>
     <span class='ocr_line' id='line_1_34' title="bbox 309 4576 2329 4681; baseline -0.008 -19"><span class='ocrx_word' id='word_1_265' title='bbox 309 4581 405 4666; x_wconf 76' lang='lat' dir='ltr'><strong>Fuit</strong></span> <span class='ocrx_word' id='word_1_266' title='bbox 437 4589 584 4681; x_wconf 88' lang='lat' dir='ltr'><strong>antiqua</strong></span> <span class='ocrx_word' id='word_1_267' title='bbox 619 4576 861 4662; x_wconf 86' lang='lat' dir='ltr'><strong>consuetudo,</strong></span> <span class='ocrx_word' id='word_1_268' title='bbox 902 4588 945 4646; x_wconf 85' lang='lat' dir='ltr'><strong>ut</strong></span> <span class='ocrx_word' id='word_1_269' title='bbox 977 4577 1227 4649; x_wconf 88' lang='lat' dir='ltr'><strong>accumberent</strong></span> <span class='ocrx_word' id='word_1_270' title='bbox 1257 4579 1310 4672; x_wconf 31' lang='lat' dir='ltr'><strong>ad·</strong></span> <span class='ocrx_word' id='word_1_271' title='bbox 1354 4579 1444 4652; x_wconf 86' lang='lat' dir='ltr'><strong>Tres</strong></span> <span class='ocrx_word' id='word_1_272' title='bbox 1462 4579 1686 4663; x_wconf 86' lang='lat' dir='ltr'><strong>convivium,</strong></span> <span class='ocrx_word' id='word_1_273' title='bbox 1713 4605 1840 4652; x_wconf 90' lang='lat' dir='ltr'><strong>novem</strong></span> <span class='ocrx_word' id='word_1_274' title='bbox 1859 4583 2072 4656; x_wconf 86' lang='lat' dir='ltr'><strong>convicium.</strong></span> <span class='ocrx_word' id='word_1_275' title='bbox 2126 4577 2329 4656; x_wconf 89' lang='lat' dir='ltr'><strong>ltomdialo·</strong></span> 
     </span>
     <span class='ocr_line' id='line_1_35' title="bbox 310 4676 2327 4777; baseline -0.008 -9"><span class='ocrx_word' id='word_1_276' title='bbox 310 4717 487 4767; x_wconf 89' lang='lat' dir='ltr'><strong>mcosam:</strong></span> <span class='ocrx_word' id='word_1_277' title='bbox 529 4687 621 4756; x_wconf 89' lang='lat' dir='ltr'><strong>sicut</strong></span> <span class='ocrx_word' id='word_1_278' title='bbox 644 4676 809 4754; x_wconf 86' lang='lat' dir='ltr'><strong>Christus</strong></span> <span class='ocrx_word' id='word_1_279' title='bbox 839 4679 956 4764; x_wconf 89' lang='lat' dir='ltr'><strong>sedet,</strong></span> <span class='ocrx_word' id='word_1_280' title='bbox 997 4681 1141 4774; x_wconf 62' lang='lat' dir='ltr'><strong>quanm</strong></span> <span class='ocrx_word' id='word_1_281' title='bbox 1174 4679 1304 4750; x_wconf 88' lang='lat' dir='ltr'><strong>mulier</strong></span> <span class='ocrx_word' id='word_1_282' title='bbox 1355 4683 1390 4774; x_wconf 85' lang='lat' dir='ltr'><strong>gi</strong></span> <span class='ocrx_word' id='word_1_283' title='bbox 1414 4695 1497 4752; x_wconf 91' lang='lat' dir='ltr'><strong>sunt</strong></span> <span class='ocrx_word' id='word_1_284' title='bbox 1511 4681 1710 4777; x_wconf 88' lang='lat' dir='ltr'><strong>plerunque</strong></span> <span class='ocrx_word' id='word_1_285' title='bbox 1733 4683 1861 4754; x_wconf 88' lang='lat' dir='ltr'><strong>trium:</strong></span> <span class='ocrx_word' id='word_1_286' title='bbox 1899 4685 1972 4756; x_wconf 90' lang='lat' dir='ltr'><strong>duo</strong></span> <span class='ocrx_word' id='word_1_287' title='bbox 1983 4699 2072 4758; x_wconf 87' lang='lat' dir='ltr'><strong>sunt</strong></span> <span class='ocrx_word' id='word_1_288' title='bbox 2092 4685 2327 4777; x_wconf 85' lang='lat' dir='ltr'><strong>colloquentes,</strong></span> 
     </span>
     <span class='ocr_line' id='line_1_36' title="bbox 311 4779 2327 4892; baseline -0.008 -23"><span class='ocrx_word' id='word_1_289' title='bbox 311 4793 485 4892; x_wconf 83' lang='lat' dir='ltr'><strong>peccatrix</strong></span> <span class='ocrx_word' id='word_1_290' title='bbox 500 4783 696 4886; x_wconf 78' lang='lat' dir='ltr'><strong>(Lucacl.)</strong></span> <span class='ocrx_word' id='word_1_291' title='bbox 709 4779 938 4854; x_wconf 82' lang='lat' dir='ltr'><strong>contrectavit</strong></span> <span class='ocrx_word' id='word_1_292' title='bbox 952 4779 1028 4852; x_wconf 86' lang='lat' dir='ltr'><strong>eius</strong></span> <span class='ocrx_word' id='word_1_293' title='bbox 1041 4782 1160 4874; x_wconf 89' lang='lat' dir='ltr'><strong>pedes.</strong></span> <span class='ocrx_word' id='word_1_294' title='bbox 1184 4779 1305 4852; x_wconf 74' lang='lat' dir='ltr'><strong>Pedes</strong></span> <span class='ocrx_word' id='word_1_295' title='bbox 1355 4784 1481 4856; x_wconf 87' lang='lat' dir='ltr'><strong>tertius</strong></span> <span class='ocrx_word' id='word_1_296' title='bbox 1510 4797 1562 4854; x_wconf 81' lang='lat' dir='ltr'><strong>est</strong></span> <span class='ocrx_word' id='word_1_297' title='bbox 1590 4784 1691 4878; x_wconf 87' lang='lat' dir='ltr'><strong>quasi</strong></span> <span class='ocrx_word' id='word_1_298' title='bbox 1715 4786 1849 4856; x_wconf 86' lang='lat' dir='ltr'><strong>arbiter</strong></span> <span class='ocrx_word' id='word_1_299' title='bbox 1870 4785 2130 4882; x_wconf 85' lang='lat' dir='ltr'><strong>interloquens:</strong></span> <span class='ocrx_word' id='word_1_300' title='bbox 2163 4800 2203 4858; x_wconf 91' lang='lat' dir='ltr'><strong>ut</strong></span> <span class='ocrx_word' id='word_1_301' title='bbox 2229 4795 2277 4854; x_wconf 87' lang='lat' dir='ltr'><strong>est</strong></span> <span class='ocrx_word' id='word_1_302' title='bbox 2294 4780 2327 4848; x_wconf 83' lang='lat' dir='ltr'><strong>in</strong></span> 
     </span>
     <span class='ocr_line' id='line_1_37' title="bbox 314 4879 2326 4988; baseline -0.008 -17"><span class='ocrx_word' id='word_1_303' title='bbox 314 4911 416 4971; x_wconf 88' lang='lat' dir='ltr'><strong>erant</strong></span> <span class='ocrx_word' id='word_1_304' title='bbox 430 4892 536 4988; x_wconf 90' lang='lat' dir='ltr'><strong>positi</strong></span> <span class='ocrx_word' id='word_1_305' title='bbox 552 4891 591 4958; x_wconf 92' lang='lat' dir='ltr'><strong>in</strong></span> <span class='ocrx_word' id='word_1_306' title='bbox 607 4909 773 4970; x_wconf 89' lang='lat' dir='ltr'><strong>scamno,</strong></span> <span class='ocrx_word' id='word_1_307' title='bbox 796 4907 858 4954; x_wconf 91' lang='lat' dir='ltr'><strong>seu</strong></span> <span class='ocrx_word' id='word_1_308' title='bbox 874 4883 1014 4956; x_wconf 90' lang='lat' dir='ltr'><strong>lectulo.</strong></span> <span class='ocrx_word' id='word_1_309' title='bbox 1060 4881 1305 4953; x_wconf 87' lang='lat' dir='ltr'><strong>Pictoresnon</strong></span> <span class='ocrx_word' id='word_1_310' title='bbox 1357 4885 1506 4976; x_wconf 82' lang='lat' dir='ltr'><strong>dialogis</strong></span> <span class='ocrx_word' id='word_1_311' title='bbox 1536 4883 1707 4962; x_wconf 85' lang='lat' dir='ltr'><strong>Platonis.</strong></span> <span class='ocrx_word' id='word_1_312' title='bbox 1771 4883 1907 4966; x_wconf 91' lang='lat' dir='ltr'><strong>Omnia</strong></span> <span class='ocrx_word' id='word_1_313' title='bbox 1937 4891 2095 4981; x_wconf 86' lang='lat' dir='ltr'><strong>exempla</strong></span> <span class='ocrx_word' id='word_1_314' title='bbox 2123 4879 2326 4981; x_wconf 77' lang='lat' dir='ltr'><strong>antiquitatis</strong></span> 
     </span>
     <span class='ocr_line' id='line_1_38' title="bbox 316 4981 2328 5083; baseline -0.008 -11"><span class='ocrx_word' id='word_1_315' title='bbox 316 5015 408 5072; x_wconf 86' lang='lat' dir='ltr'><strong>recte</strong></span> <span class='ocrx_word' id='word_1_316' title='bbox 441 4995 628 5066; x_wconf 89' lang='lat' dir='ltr'><strong>imitantur</strong></span> <span class='ocrx_word' id='word_1_317' title='bbox 659 4989 844 5082; x_wconf 83' lang='lat' dir='ltr'><strong>pingentes</strong></span> <span class='ocrx_word' id='word_1_318' title='bbox 870 4981 1031 5055; x_wconf 86' lang='lat' dir='ltr'><strong>Mariam</strong></span> <span class='ocrx_word' id='word_1_319' title='bbox 1045 4981 1306 5074; x_wconf 82' lang='lat' dir='ltr'><strong>Magdalenam,</strong></span> <span class='ocrx_word' id='word_1_320' title='bbox 1341 5009 1438 5060; x_wconf 80' lang='lat' dir='ltr'><strong>&#39;vere</strong></span> <span class='ocrx_word' id='word_1_321' title='bbox 1454 4982 1587 5060; x_wconf 88' lang='lat' dir='ltr'><strong>habent</strong></span> <span class='ocrx_word' id='word_1_322' title='bbox 1607 4989 1762 5083; x_wconf 90' lang='lat' dir='ltr'><strong>aliquam</strong></span> <span class='ocrx_word' id='word_1_323' title='bbox 1784 4986 1968 5082; x_wconf 89' lang='lat' dir='ltr'><strong>pulchram</strong></span> <span class='ocrx_word' id='word_1_324' title='bbox 1984 5005 2018 5062; x_wconf 88' lang='lat' dir='ltr'><strong>et</strong></span> <span class='ocrx_word' id='word_1_325' title='bbox 2033 5013 2173 5083; x_wconf 83' lang='lat' dir='ltr'><strong>gravem</strong></span> <span class='ocrx_word' id='word_1_326' title='bbox 2192 5003 2328 5060; x_wconf 80' lang='lat' dir='ltr'><strong>causam·</strong></span> 
     </span>
     <span class='ocr_line' id='line_1_39' title="bbox 316 5083 2325 5199; baseline -0.007 -26"><span class='ocrx_word' id='word_1_327' title='bbox 316 5125 407 5199; x_wconf 91' lang='lat' dir='ltr'><strong>quae</strong></span> <span class='ocrx_word' id='word_1_328' title='bbox 421 5121 497 5168; x_wconf 93' lang='lat' dir='ltr'><strong>non</strong></span> <span class='ocrx_word' id='word_1_329' title='bbox 512 5095 579 5164; x_wconf 73' lang='lat' dir='ltr'><strong>surb</strong></span> <span class='ocrx_word' id='word_1_330' title='bbox 593 5091 760 5174; x_wconf 82' lang='lat' dir='ltr'><strong>scamnis,</strong></span> <span class='ocrx_word' id='word_1_331' title='bbox 785 5089 844 5157; x_wconf 89' lang='lat' dir='ltr'><strong>sed</strong></span> <span class='ocrx_word' id='word_1_332' title='bbox 862 5087 900 5155; x_wconf 89' lang='lat' dir='ltr'><strong>in</strong></span> <span class='ocrx_word' id='word_1_333' title='bbox 915 5085 1044 5157; x_wconf 86' lang='lat' dir='ltr'><strong>lectulo</strong></span> <span class='ocrx_word' id='word_1_334' title='bbox 1052 5083 1186 5158; x_wconf 85' lang='lat' dir='ltr'><strong>Christi</strong></span> <span class='ocrx_word' id='word_1_335' title='bbox 1202 5091 1308 5180; x_wconf 86' lang='lat' dir='ltr'><strong>pedes</strong></span> <span class='ocrx_word' id='word_1_336' title='bbox 1355 5175 1365 5188; x_wconf 40' lang='grc' dir='ltr'><strong><em>Ι</em></strong></span> <span class='ocrx_word' id='word_1_337' title='bbox 1461 5087 1556 5160; x_wconf 92' lang='lat' dir='ltr'><strong>lllud</strong></span> <span class='ocrx_word' id='word_1_338' title='bbox 1572 5105 1692 5161; x_wconf 86' lang='lat' dir='ltr'><strong>autem</strong></span> <span class='ocrx_word' id='word_1_339' title='bbox 1709 5093 1862 5178; x_wconf 87' lang='lat' dir='ltr'><strong>dictum,</strong></span> <span class='ocrx_word' id='word_1_340' title='bbox 1888 5095 1984 5188; x_wconf 94' lang='lat' dir='ltr'><strong>quod</strong></span> <span class='ocrx_word' id='word_1_341' title='bbox 2001 5095 2190 5188; x_wconf 88' lang='lat' dir='ltr'><strong>antiquitas</strong></span> <span class='ocrx_word' id='word_1_342' title='bbox 2205 5099 2325 5162; x_wconf 83' lang='lat' dir='ltr'><strong>natum</strong></span> 
     </span>
     <span class='ocr_line' id='line_1_40' title="bbox 316 5191 2325 5287; baseline -0.013 -9"><span class='ocrx_word' id='word_1_343' title='bbox 316 5205 471 5277; x_wconf 89' lang='lat' dir='ltr'><strong>osculata</strong></span> <span class='ocrx_word' id='word_1_344' title='bbox 500 5211 561 5268; x_wconf 88' lang='lat' dir='ltr'><strong>est.</strong></span> <span class='ocrx_word' id='word_1_345' title='bbox 623 5191 841 5264; x_wconf 88' lang='lat' dir='ltr'><strong>Triclinium</strong></span> <span class='ocrx_word' id='word_1_346' title='bbox 861 5201 1025 5260; x_wconf 85' lang='lat' dir='ltr'><strong>vocatur:</strong></span> <span class='ocrx_word' id='word_1_347' title='bbox 1060 5191 1144 5282; x_wconf 93' lang='lat' dir='ltr'><strong>quia</strong></span> <span class='ocrx_word' id='word_1_348' title='bbox 1163 5191 1310 5263; x_wconf 84' lang='lat' dir='ltr'><strong>luerunt</strong></span> <span class='ocrx_word' id='word_1_349' title='bbox 1360 5191 1467 5261; x_wconf 90' lang='lat' dir='ltr'><strong>semel</strong></span> <span class='ocrx_word' id='word_1_350' title='bbox 1488 5194 1697 5282; x_wconf 83' lang='lat' dir='ltr'><strong>comederit,</strong></span> <span class='ocrx_word' id='word_1_351' title='bbox 1733 5218 1807 5267; x_wconf 92' lang='lat' dir='ltr'><strong>non</strong></span> <span class='ocrx_word' id='word_1_352' title='bbox 1829 5210 1880 5265; x_wconf 92' lang='lat' dir='ltr'><strong>est</strong></span> <span class='ocrx_word' id='word_1_353' title='bbox 1902 5197 2170 5287; x_wconf 87' lang='lat' dir='ltr'><strong>intelligendum</strong></span> <span class='ocrx_word' id='word_1_354' title='bbox 2190 5194 2232 5263; x_wconf 87' lang='lat' dir='ltr'><strong>dc</strong></span> <span class='ocrx_word' id='word_1_355' title='bbox 2247 5207 2325 5256; x_wconf 82' lang='lat' dir='ltr'><strong>mes-</strong></span> 
     </span>
     <span class='ocr_line' id='line_1_41' title="bbox 316 5287 2325 5391; baseline -0.01 -12"><span class='ocrx_word' id='word_1_356' title='bbox 316 5325 386 5379; x_wconf 89' lang='lat' dir='ltr'><strong>tres</strong></span> <span class='ocrx_word' id='word_1_357' title='bbox 408 5300 531 5375; x_wconf 88' lang='lat' dir='ltr'><strong>lectuli</strong></span> <span class='ocrx_word' id='word_1_358' title='bbox 556 5299 601 5368; x_wconf 93' lang='lat' dir='ltr'><strong>ad</strong></span> <span class='ocrx_word' id='word_1_359' title='bbox 630 5316 788 5364; x_wconf 88' lang='lat' dir='ltr'><strong>mensam</strong></span> <span class='ocrx_word' id='word_1_360' title='bbox 812 5289 986 5369; x_wconf 85' lang='lat' dir='ltr'><strong>collocati.</strong></span> <span class='ocrx_word' id='word_1_361' title='bbox 1044 5289 1199 5386; x_wconf 81' lang='lat' dir='ltr'><strong>Fuitque</strong></span> <span class='ocrx_word' id='word_1_362' title='bbox 1223 5287 1310 5364; x_wconf 89' lang='lat' dir='ltr'><strong>haec</strong></span> <span class='ocrx_word' id='word_1_363' title='bbox 1362 5293 1520 5381; x_wconf 84' lang='lat' dir='ltr'><strong>soribus,</strong></span> <span class='ocrx_word' id='word_1_364' title='bbox 1549 5297 1676 5378; x_wconf 82' lang='lat' dir='ltr'><strong>servis,</strong></span> <span class='ocrx_word' id='word_1_365' title='bbox 1710 5311 1771 5370; x_wconf 91' lang='lat' dir='ltr'><strong>aut</strong></span> <span class='ocrx_word' id='word_1_366' title='bbox 1791 5297 1921 5391; x_wconf 86' lang='lat' dir='ltr'><strong>pueris.</strong></span> <span class='ocrx_word' id='word_1_367' title='bbox 1947 5322 2030 5369; x_wconf 91' lang='lat' dir='ltr'><strong>nam</strong></span> <span class='ocrx_word' id='word_1_368' title='bbox 2052 5299 2137 5370; x_wconf 88' lang='lat' dir='ltr'><strong>tales</strong></span> <span class='ocrx_word' id='word_1_369' title='bbox 2159 5289 2325 5366; x_wconf 78' lang='lat' dir='ltr'><strong>sumebant</strong></span> 
     </span>
    </p>
   </div>
   <div class='ocr_carea' id='block_1_15' title="bbox 413 4251 784 4328">
    <p class='ocr_par' dir='ltr' id='par_1_18' title="bbox 413 4251 784 4328">
     <span class='ocr_line' id='line_1_42' title="bbox 413 4251 784 4328; baseline -0.024 -10"><span class='ocrx_word' id='word_1_370' title='bbox 413 4257 514 4318; x_wconf 81' lang='lat' dir='ltr'><strong>Manlii</strong></span> <span class='ocrx_word' id='word_1_371' title='bbox 524 4255 630 4327; x_wconf 59' lang='lat' dir='ltr'><strong>sarrag.</strong></span> <span class='ocrx_word' id='word_1_372' title='bbox 639 4272 667 4328; x_wconf 87' lang='lat' dir='ltr'><strong>p.</strong></span> <span class='ocrx_word' id='word_1_373' title='bbox 679 4251 731 4308; x_wconf 76' lang='lat'><strong>298</strong></span> <span class='ocrx_word' id='word_1_374' title='bbox 743 4269 784 4324; x_wconf 85' lang='lat' dir='ltr'><strong>sq.</strong></span> 
     </span>
    </p>
   </div>
   <div class='ocr_carea' id='block_1_16' title="bbox 308 4417 1302 4524">
    <p class='ocr_par' dir='ltr' id='par_1_19' title="bbox 308 4417 1302 4524">
     <span class='ocr_line' id='line_1_43' title="bbox 308 4417 1302 4524; baseline -0.011 -11"><span class='ocrx_word' id='word_1_375' title='bbox 308 4439 372 4518; x_wconf 80' lang='lat' dir='ltr'><strong>De</strong></span> <span class='ocrx_word' id='word_1_376' title='bbox 398 4423 656 4511; x_wconf 79' lang='lat' dir='ltr'><strong>consuetudine</strong></span> <span class='ocrx_word' id='word_1_377' title='bbox 687 4423 806 4498; x_wconf 82' lang='lat' dir='ltr'><strong>cibum</strong></span> <span class='ocrx_word' id='word_1_378' title='bbox 833 4417 1008 4522; x_wconf 75' lang='lat' dir='ltr'><strong>capiendi</strong></span> <span class='ocrx_word' id='word_1_379' title='bbox 1034 4419 1140 4524; x_wconf 84' lang='lat' dir='ltr'><strong>opud</strong></span> <span class='ocrx_word' id='word_1_380' title='bbox 1162 4434 1302 4502; x_wconf 78' lang='lat' dir='ltr'><strong>veteres.</strong></span> 
     </span>
    </p>
   </div>
   <div class='ocr_carea' id='block_1_17' title="bbox 0 0 2458 5986">
    <p class='ocr_par' dir='ltr' id='par_1_20' title="bbox 0 0 2458 5986">
     <span class='ocr_line' id='line_1_44' title="bbox 0 0 2458 5986; baseline 0 0"><span class='ocrx_word' id='word_1_381' title='bbox 0 0 2458 5986; x_wconf 95' lang='lat' dir='ltr'><strong> </strong></span> 
     </span>
    </p>
   </div>
  </div>
 </body>
</html>
