4862 5980
93 239 168 316 aar
467 231 720 322 scelera
752 229 835 320 ao
860 239 1053 319 viram
1083 239 1159 318 ur
1187 199 1430 322 ¹narrum
1459 243 1764 332 munaum
2051 259 2129 339 eta

97 433 167 503 qua
185 407 250 478 ille
265 407 304 479 ln
319 408 399 482 cibo
416 433 457 482 ac
470 424 557 504 potu
574 413 732 486 suaviter
745 411 797 486 uti
813 411 961 487 solebat.
1012 407 1091 480 Hoc
1143 437 1229 482 voce
1253 413 1321 506 legi
1341 439 1381 484 er
1400 425 1553 510 utroque
1567 429 1774 494 testamento
1789 423 1981 518 quaedam,
2004 429 2134 524 quibus

95 512 211 602 igitur
232 511 371 582 insculo
393 511 500 585 allato
515 509 675 587 exhausit
690 511 883 588 cochlearia
902 514 990 598 tria,
1017 513 1091 582 col·
1142 515 1295 586 maxime
1308 519 1524 588 delectarum
1540 538 1743 595 essenorat.

96 615 251 686 laudans
277 613 422 708 insuper
446 640 553 710 quam
577 615 711 688 bonum
728 618 846 713 inquit
868 610 936 686 hoc
952 627 1004 686 est
1018 615 1091 684 ius·
1243 617 1471 710 Legebantur
1484 643 1567 711 ergo
1584 635 1660 692 tum
1677 641 1710 696 et
1725 625 1770 695 ab
1784 623 1861 716 ipso
1880 627 1923 700 D.
1940 627 2084 703 Pastore
2098 648 2134 705 er

97 717 234 789 mlum.
276 713 363 804 ¹Hic
384 717 485 788 cibus
514 719 716 791 eiultimus
736 719 825 804 init,
858 741 974 812 neque
994 715 1092 786 enim
1143 720 1314 814 pervices
1334 718 1538 792 aDiaconis
1555 721 1727 814 Magistro
1746 722 1972 812 Proschelio,
2002 747 2037 804 et
2050 733 2133 804 Ma·

78 833 204 911 potos
228 817 378 888 aotcibi
392 819 582 915 quicquam
597 821 748 912 gerstavit
766 814 912 918 posthac
927 818 1091 916 amplius.
1143 822 1252 912 gistro
1275 822 1446 894 Sturione
1467 821 1599 894 Psalmi
1621 825 1760 920 aliquot
1781 841 1821 897 ut
1842 833 1904 904 st.
1925 829 1990 908 25.
2014 850 2047 908 et
2070 838 2133 913 26.

97 917 270 1008 Reiectus
288 921 516 992 mediocriter
530 923 619 1014 erigi
634 947 672 994 se
688 923 787 994 iubet
798 917 860 1020 ⁴⁸),
886 935 921 994 et
936 920 1092 1014 postulat
1143 921 1269 994 Esaiae
1293 923 1399 1016 caput
1417 921 1481 996 53.
1504 939 1538 998 et
1564 920 1733 1000 lobannis
1756 945 1861 1020 caput
1889 934 1956 1026 1⁷,
1989 937 2035 1006 ad
2054 933 2133 1012 Ro-

99 1019 241 1094 cbartas
254 1021 294 1092 in
311 1021 442 1116 quibus
460 1025 660 1098 testamenti
675 1025 950 1116 descriptionem
968 1025 1091 1092 incoa·
1143 1049 1268 1096 manos
1290 1039 1396 1117 caput
1418 1024 1454 1098 6.
1479 1039 1514 1098 et
1536 1028 1637 1120 plura
1659 1029 1727 1100 alia
1747 1055 1787 1100 er
1801 1027 1928 1118 Esaia,
1962 1032 2133 1124 Iohanne,

97 1139 164 1210 rat,
200 1135 246 1196 nt
268 1147 361 1220 quae
381 1125 613 1216 cogitaverat,
645 1141 681 1198 et
704 1127 901 1220 dequibus
928 1124 1090 1217 pridiana
1143 1125 1311 1211 Psalmis,
1344 1140 1379 1198 et
1391 1123 1564 1220 Epistolis
1585 1128 1700 1205 Pauli.
1751 1129 1893 1222 Quibus
1917 1137 2131 1209 linitis'cum

100 1223 221 1323 die-⁴⁸)
244 1239 393 1298 testatus
416 1229 546 1314 mnas,
571 1252 610 1300 ea
633 1229 884 1322 perscribenda
901 1239 1091 1298 testamen·
1143 1229 1431 1304 consiluisaemus
1462 1255 1603 1318 omnes,
1635 1229 1715 1326 lpse
1741 1257 1880 1326 semper
1905 1251 1972 1323 est,
2001 1240 2130 1332 inquit,

100 1343 171 1402 tum
185 1329 408 1416 absolveret,
434 1353 513 1422 cum
530 1329 575 1402 ad
593 1353 670 1400 eam
688 1355 763 1402 rem
782 1327 824 1426 ⁴⁵)
847 1353 883 1402 se
899 1351 1091 1421 compone·
1143 1326 1233 1400 mihi
1259 1331 1298 1400 in
1323 1331 1444 1401 animo
1469 1345 1503 1420 et
1524 1333 1562 1402 in
1585 1347 1776 1427 conspectu
1797 1337 1931 1408 dictum
1958 1335 2130 1411 lobannis

100 1445 150 1504 ret
172 1445 209 1504 et
236 1445 383 1524 cuperet
402 1431 548 1526 quidem
569 1433 742 1519 scribere,
767 1431 989 1504 viresautem
1005 1428 1092 1498 deli-
1143 1435 1188 1504 de
1202 1431 1296 1503 Filio
1310 1429 1394 1502 Dei:
1429 1431 1590 1504 Mundus
1604 1459 1684 1504 eum
1708 1461 1782 1506 non
1798 1439 1946 1532 recepit,
1978 1439 2051 1530 Qui
2067 1465 2132 1514 au-

103 1547 241 1620 terent,
266 1557 351 1624 ego,
373 1534 507 1628 inquit.
530 1535 755 1608 festinatione
769 1535 956 1615 excludor,
979 1529 1092 1620 signi-
1131 1551 1216 1618 ¹tem
1236 1547 1445 1626 receperunt
1467 1559 1568 1620 enm,
1599 1535 1671 1606 illis
1693 1539 1793 1609 dedit
1813 1555 2019 1632 potestatem
2039 1544 2132 1614 lilios

101 1638 223 1708 beabat
238 1651 358 1708 autem
372 1637 546 1708 letiferam
559 1637 791 1722 debilitatem,
816 1659 887 1732 qua
901 1653 1092 1704 morarum
1143 1633 1212 1706 Dei
1237 1633 1333 1719 fieri,
1371 1639 1433 1729 qui
1465 1637 1614 1708 credunt
1645 1637 1684 1708 in
1708 1640 1856 1710 nomine
1881 1645 1968 1714 eius.
2034 1643 2130 1716 Haec

103 1751 353 1824 anteverteret,
386 1751 430 1810 ut
450 1738 601 1830 cogitata
624 1739 840 1832 perscribere
865 1759 940 1806 non
963 1744 1093 1828 posset,
1145 1739 1238 1810 clara
1259 1761 1344 1806 voce
1366 1763 1447 1810 cnm
1471 1738 1756 1830 pmnunciasset,
1788 1755 1909 1832 postea
1930 1745 2030 1816 labra
2050 1769 2134 1816 mr-

107 1867 178 1936 quo
201 1841 445 1912 animadverso
472 1864 579 1912 nemo
607 1841 760 1931 amplius
785 1839 973 1934 quicquam
1004 1833 1093 1906 scri·
1145 1833 1260 1932 sns⁴⁸)
1276 1838 1323 1910 ita
1340 1840 1504 1910 movebat
1520 1843 1716 1933 quadrante
1730 1837 1858 1927 borae,
1882 1857 1922 1916 ut
1938 1847 2000 1938 qui
2015 1860 2134 1918 oraret

111 1943 245 2035 ptionis
265 1941 343 2012 talis
360 1943 405 2014 ab
426 1967 469 2014 eo
492 1944 688 2036 expectavit
704 1955 765 2016 aut
780 1939 966 2032 expetivit,
990 1959 1093 2029 prae·
1145 1941 1260 2012 tacite.
1312 1937 1413 2012 Hora
1436 1941 1505 2012 iam
1521 1941 1635 2034 prima
1650 1941 1894 2034 pomeridiana
1912 1944 2134 2033 imminente,

116 2044 232 2115 sertim
259 2067 336 2114 cnm
360 2045 525 2136 pridiana
548 2045 607 2116 die
629 2044 790 2118 oratione
811 2043 942 2114 diserta
964 2043 1008 2110 de
1030 2059 1092 2108 sua
1146 2067 1227 2113 cnm
1247 2055 1411 2113 curarent
1432 2043 1476 2114 ad
1499 2043 1668 2116 lectulum
1685 2047 1920 2136 praeceptoris
1934 2049 1989 2116 sui
2006 2049 2033 2117 ii
2049 2073 2134 2140 pro·

110 2145 280 2218 sententia
310 2159 416 2242 atque
441 2147 642 2232 voluntate,
680 2149 785 2218 etde
811 2143 979 2214 omnibus
1004 2162 1094 2234 quae
1146 2145 1293 2216 sessores
1316 2144 1474 2214 universi
1495 2169 1649 2239 quorum
1668 2147 2032 2237 suntpomeridianae
2049 2175 2135 2244 ope-

108 2249 302 2341 scripturus
322 2262 401 2320 erat
416 2242 480 2345 ⁴⁸),
512 2262 658 2320 testatus
680 2261 788 2330 esset,
813 2260 849 2317 et
875 2269 916 2316 ex
940 2244 985 2314 iis
1003 2263 1093 2335 quae
1147 2269 1206 2315 rae
1221 2245 1401 2338 publicae,
1425 2269 1541 2340 neque
1560 2247 1622 2318 tali
1639 2260 1799 2340 tempore
1813 2250 1858 2318 ab
1872 2263 2014 2340 aegroto
2037 2275 2135 2322 rece-

108 2351 175 2422 iam
197 2351 393 2444 perscripta
412 2363 533 2437 erant,-
557 2350 730 2442 explicare
754 2361 888 2420 caetera
904 2369 977 2416 non
994 2343 1094 2413 vide-
1147 2349 1304 2418 «lendum
1320 2347 1389 2416 sibi
1406 2361 1580 2438 putarent,
1606 2361 1641 2420 et
1659 2349 1696 2418 in
1714 2351 1981 2441 perturbatione
1996 2353 2135 2424 animo-

106 2467 201 2524 retur
229 2451 390 2522 difficile.
452 2451 549 2524 Haec
574 2453 666 2524 lacta
688 2453 787 2522 luere
807 2447 947 2520 circiter
969 2439 1093 2515 horam
1147 2473 1227 2520 rum
1255 2447 1409 2518 maxima
1438 2449 1481 2518 ad
1505 2449 1780 2540 praelectionum
1801 2475 1927 2544 operas
1951 2453 2135 2524 obeundas

107 2556 278 2626 decimam
301 2553 526 2626 matutinam.
577 2551 719 2628 Rursus
738 2553 857 2648 itaque
870 2547 1095 2630 decumbens,
1147 2574 1253 2622 nemo
1277 2549 1426 2620 idoneus
1448 2572 1521 2620 esse
1545 2565 1680 2644 posset,
1706 2552 1825 2624 subito
1849 2555 2137 2628 subscribebatur

108 2659 239 2730 iacebat
277 2656 328 2727 ita
364 2657 509 2728 nudatis
547 2669 589 2726 ut
624 2655 760 2726 solebat
794 2651 959 2724 cruribus
994 2646 1096 2741 quasi
1147 2651 1304 2746 aliquid,
1329 2663 1416 2722 etut
1432 2675 1571 2722 necesse
1589 2666 1665 2724 erat
1679 2653 1775 2740 lieri,
1801 2656 2044 2742 tumultuarie,
2069 2681 2138 2728 no-

110 2760 171 2852 qui
190 2773 323 2830 aestum
350 2761 517 2844 sentiret,
542 2769 800 2828 onmestrema
820 2755 853 2824 ei
871 2750 1094 2843 iampridem
1148 2753 1245 2823 mine
1275 2751 1456 2838 omnium,
1496 2777 1568 2847 quo
1591 2753 1732 2845 publice
1754 2756 1937 2848 proposito
1963 2781 2077 2850 neque
2101 2781 2138 2827 se

113 2862 292 2951 lrigescere
313 2861 531 2956 coepissent,
555 2873 596 2930 ut
617 2859 791 2943 diximus,
815 2877 951 2949 neque,
975 2851 1020 2922 ad
1037 2871 1097 2939 ge-
1147 2857 1263 2944 legere
1286 2875 1405 2946 posse,
1436 2853 1602 2946 expositis
1626 2855 1756 2940 causis,
1791 2857 1891 2926 etde
1916 2857 2074 2950 periculo
2098 2859 2137 2926 in

112 2987 179 3034 nna
196 2985 309 3060 usqne
324 2963 452 3032 caloris
469 2961 605 3056 aliquid
622 2985 641 3032 a
657 2959 882 3052 tangentibus
898 2946 1097 3047 deprehen·
1149 2981 1220 3052 quo
1261 2956 1333 3028 vita
1375 2955 1611 3047 praeceptoris
1650 2967 1849 3028 versaretur
1881 2957 2137 3048 significabant,

111 3065 267 3151 deretur,
302 3065 366 3138 etsi
400 3063 480 3134 illas
514 3061 775 3156 explorantium
802 3055 1098 3134 contrectationes
1149 3059 1294 3152 eiusque
1318 3057 1467 3126 salutem
1490 3059 1654 3150 precibus
1679 3058 1929 3132 communibus
1955 3083 2140 3130 commen·
2203 3143 2206 3157 k

110 3193 174 3260 pro
202 3169 341 3260 pudore
366 3190 430 3238 suo
457 3165 611 3254 graviter
632 3163 724 3234 serre
750 3157 1098 3236 animadvertebatur
1148 3161 1300 3246 dabant,
1339 3159 1469 3254 quibus
1502 3159 1571 3229 tali
1598 3173 1757 3252 tempore
1791 3159 1985 3252 discipulos
2019 3160 2140 3252 potius

114 3294 155 3338 ex
175 3293 235 3350 eo,
261 3269 353 3364 quod
378 3267 660 3364 quotiescunque
678 3287 699 3337 a
716 3261 864 3336 solicitis
884 3269 1098 3349 tangeretur,
1149 3285 1257 3356 quam
1279 3259 1364 3332 ullis
1385 3261 1490 3330 rebus
1514 3260 1593 3331 aliis
1618 3285 1741 3352 vacare
1765 3275 1955 3354 oporteret.
2007 3259 2140 3353 Forma

113 3395 251 3463 semper
262 3394 298 3440 se
310 3368 650 3444 contrectationibus
664 3367 894 3450 subduceret,
919 3360 1031 3430 rubor
1044 3369 1098 3428 ta-
1148 3361 1271 3456 scripti
1285 3355 1371 3432 hacc
1388 3375 1438 3432 est
1453 3355 1517 3452 ⁴’):

108 3497 187 3543 men
202 3497 347 3566 sparsus
363 3473 510 3568 quidam
524 3469 623 3565 quasi
640 3469 857 3540 macularum
873 3461 1097 3560 quarundam
1217 3489 1308 3562 (pm,
1325 3491 1458 3560 „wrm
1474 3489 1603 3546 ΜΝ,
1619 3490 1654 3546 ,d
1674 3491 1700 3548 p,
1718 3491 1762 3550 19,
1782 3490 1889 3564 3951„
1917 3507 2000 3564 qnae
2017 3510 2078 3550 ,m
2095 3492 2141 3550 hie

110 3576 261 3647 calorem
277 3571 396 3646 adhuc
412 3597 593 3668 superesse
609 3572 646 3641 in
667 3571 765 3642 tibiis
776 3581 812 3640 et
827 3565 922 3640 ulnis
939 3561 1099 3646 docebat,
1254 3559 1507 3632 praetermisimus.)

110 3693 143 3748 et
169 3679 314 3750 virtutis
339 3681 463 3748 aderat
488 3669 604 3746 adhuc
629 3687 787 3758 tantum,
819 3683 861 3740 ut
885 3691 959 3738 non
982 3664 1097 3734 solum
1544 3685 1751 3700 ----

111 3803 238 3850 manus
262 3793 295 3850 ei
317 3782 424 3874 pfdae
446 3777 607 3870 expedile
630 3787 807 3860 moveret,
837 3771 898 3840 Sed
917 3769 997 3838 Sine
1015 3763 1100 3834 uilis
1252 3777 1332 3852 Hoc
1352 3779 1482 3874 ‘eripio
1498 3778 1681 3876 proposito
1699 3775 1809 3850 animi
1824 3803 1969 3871 primm
1983 3793 2144 3852 condid!-

114 3883 338 3954 adminiculis
369 3881 415 3951 ab
436 3904 510 3952 uno
539 3879 648 3950 latere
670 3877 708 3948 in
736 3876 887 3946 alterum
912 3892 949 3940 δὲ
971 3867 1100 3937 imile
1151 3883 1249 3968 nari,
1274 3896 1309 3952 et
1329 3883 1557 3954 solicitudine
1580 3895 1685 3976 atque
1707 3879 1855 3952 tristicia
1872 3882 2046 3975 compleri
2059 3885 2144 3952 uni-

110 3997 239 4078 posset.
288 3979 404 4079 Pulpa
424 4007 508 4054 vero
526 3981 587 4051 illa
602 4003 704 4049 surae
723 3977 761 4046 in
776 3995 923 4068 corpore
937 3969 1101 4085 maxim&
1152 4008 1347 4066 versorum,
1365 3984 1584 4079 quodvultu,
1600 3981 1739 4055 incessu
1756 3983 1961 4076 etpostibus
1975 3983 2145 4054 omnibus

111 4104 183 4158 lum
210 4085 345 4158 caeteri
369 4084 407 4153 ln
432 4081 529 4154 lihiiss
543 4079 787 4152 elsemoribus
801 4068 1029 4148 mudculiillo
1044 4069 1102 4138 bl·
1153 4087 1314 4180 plerique
1336 4085 1593 4178 significabant·
1643 4081 1694 4156 Et
1709 4109 1916 4179 quanquam
1930 4085 2057 4156 diebus
2074 4085 2147 4154 illis

113 4189 181 4260 duo
206 4212 300 4282 pene
323 4187 417 4258 inter
442 4181 565 4260 oculos
585 4179 832 4276 aspicientium
851 4198 956 4248 carne
975 4193 1101 4244 evane—
1155 4188 1340 4281 pnprimi„
1373 4187 1504 4281 quibu,
1519 4183 1704 4270 'Dominus
1731 4199 1939 4277 praeceptor
1968 4211 2045 4258 „011
2069 4211 2148 4258 am.
2264 4245 2267 4252 ,

112 4307 230 4364 scente
264 4289 559 4370 attenuabantur,
606 4284 752 4374 spiratio
780 4295 898 4352 autem
931 4271 1101 4370 paulatim
1155 4293 1249 4386 plin,
1266 4289 1304 4358 i„
1319 4290 1503 4382 publicum
1520 4288 1663 4380 prodite
1677 4287 2040 4372 animadvertebatur,
2065 4311 2150 4380 pte.

111 4395 222 4486 Νθόἷὸ
257 4390 438 4484 “lail‘qfl‘
470 4385 636 4481 impediri
665 4400 699 4458 ⁰²
729 4377 908 4455 ”nhelaffi
937 4395 1104 4450 emim·
1156 4415 1213 4465 ces
1227 4391 1367 4484 publice
1386 4403 1420 4462 et
1437 4387 1624 4482 privatim,
1647 4403 1688 4460 ut
1708 4387 1882 4475 diximus,
1910 4389 2150 4461 intendeban-

111 4483 201 4568 ΕΜ)
237 4517 322 4584 “8⁰
344 4495 389 4562 ad
410 4479 507 4564 bufli
529 4487 674 4561 'nmium
698 4483 835 4580 illeme
859 4503 922 4552 ⁰²¹¹
947 4478 1121 4573 ‘l¹¹3‘⁸⁰‘³·'
1158 4509 1236 4580 tur,
1262 4505 1297 4562 et
1317 4485 1519 4572 scholastici
1541 4491 1592 4560 sic
1610 4471 1915 4576 obversabantur,
1943 4503 1986 4562 ut
2006 4491 2050 4562 de
2069 4487 2151 4586 ani-

113 4613 164 4670 ret
174 4595 234 4694 ⁸⁷),
247 4591 293 4671 D.
302 4591 429 4666 Pastor
444 4586 729 4684 compellandum
746 4609 827 4658 eum
841 4579 1105 4654 esseinterdum
1158 4619 1298 4666 mosum
1321 4587 1543 4686 perculsione
1566 4590 1717 4664 iudicari
1739 4606 1874 4686 posset,
1909 4589 2049 4662 Tamen
2071 4602 2153 4682 post

117 4703 300 4784 censebat,
332 4693 503 4768 accedens
527 4717 610 4788 ergo
632 4689 677 4764 ad
703 4687 872 4761 lectulum
893 4681 993 4754 iubet
1014 4679 1105 4750 clara
1159 4691 1253 4768 hm
1285 4693 1576 4787 ,ignifimfionem
1597 4692 1750 4788 pristim
1776 4695 1997 4786 augemur
2017 4689 2153 4782 omni„

488 4799 491 4804 ’
549 4881 551 4891 ,
593 4799 602 4824 ’
1161 4813 1196 4870 et
1224 4800 1314 4870 sicut
1344 4811 1431 4868 ante
1455 4797 1629 4879 fecerant,
1661 4808 1701 4866 ut
1721 4794 1817 4868 iores
1840 4796 1968 4866 domus
1991 4787 2154 4886 Philippi

153 4965 197 5030 43)
214 4960 486 5050 “flammea
501 4955 584 5041 ῳ
603 4953 862 5045 ‘’umquem''
875 4943 1108 5010 mmmm,
1132 4957 1138 5042 Ι
1162 4893 1427 5022 atelanthqnts,
1453 4897 1744 5016 ettingredientes
1760 4909 1865 4988 atque
1880 4894 2098 4984 egredientes
2113 4893 2154 4963 in

185 5043 357 5110 qnaotssper,
376 5039 468 5104 postes
482 5043 549 5098 eraqr
561 5043 590 5079 se
604 5039 633 5078 m
645 5019 745 5078 lectulo
757 5017 841 5076 rubet.
1162 5025 1219 5074 vttt
1240 5001 1384 5094 publtct
1410 5001 1660 5088 obtemml,
1691 5010 1727 5072 el
1747 4997 1886 5084 vultus,
1908 5009 1944 5070 el
1965 5017 2069 5070 votet
2088 4992 2157 5067 ito-

148 5123 196 5190 44)
215 5113 411 5178 ttt.2·tdtse
430 5129 494 5167 unns
505 5125 570 5164 sua.
1166 5162 1394 5188 ...u-.-

146 5209 198 5274 ts)
219 5203 309 5260 ΕΜ.
326 5203 542 5267 adqumrens
554 5207 632 5249 usn.
1759 5249 1767 5266 ι
2078 5251 2084 5264 .

148 5295 198 5356 tt)
217 5291 371 5356 seipsum
382 5285 459 5350 ent]
476 5277 527 5335 tte.
540 5277 566 5336 Ι.
583 5274 731 5331 widerado
737 5270 876 5343 sdssrnt.
1196 5259 1244 5330 lb)
1260 5273 1363 5314 meas
1376 5251 1695 5312 suscitarentur
1706 5259 1829 5326 penten
1841 5259 1904 5325 post
1914 5269 1973 5323 seq.
1988 5259 2022 5305 as
2035 5267 2091 5318 qaas.

149 5381 200 5442 47)
217 5375 330 5440 placide
345 5388 396 5426 esu
413 5371 575 5436 qus'esserst]
599 5361 670 5416 rats
690 5360 715 5420 2.
735 5359 858 5427 maret,
881 5355 923 5412 itu
940 5353 1112 5422 dertosanae
1197 5343 1245 5415 tt)
1263 5342 1372 5426 dormo
1389 5339 1488 5407 “rapti
1503 5341 1533 5394 b.
1552 5345 1626 5421 quta]
1652 5335 1700 5435 qul.
1717 5337 1744 5398 Ω.
1763 5333 1878 5406 „liuius
1895 5331 1989 5407 scripti
2007 5331 2159 5402 exemplum

118 5471 124 5482 ·
187 5441 414 5512 spon's'mllm
427 5453 524 5490 vocem
536 5435 684 5488 omitteret.
810 5462 813 5472 ·
910 5459 917 5468 ·
1233 5411 1417 5477 subiecimus,
1438 5407 1513 5476 quod
1531 5405 1584 5462 lust
1601 5405 1663 5465 tale.
1819 5441 1823 5452 .

118 5530 305 5598 lirnsrrr.
329 5517 435 5586 Orsa.
462 5513 546 5580 vor..
572 5507 618 5577 Χ.
1430 5479 1476 5553 16

121 4869 322 4892 w
