4896 5974
108 270 193 348 nst

124 440 173 518 Et
189 465 393 538 quanquam
410 441 542 536 passim
556 443 684 516 iseram
704 445 858 530 effodere
873 463 1069 542 perustam:

176 544 283 616 Nullo
300 544 351 614 ihi
370 535 603 638 larqsqia'mtn
616 565 859 641 mnnrropsrta
875 547 960 625 uris.
980 584 984 605 ·

123 645 271 742 lamque
287 647 423 716 animas
439 643 668 734 exhalabant,
683 696 686 704 ·
700 651 825 724 siccate
838 647 992 723 labellis‘

175 746 272 820 Dum
289 743 614 820 matrumsininritc's
630 747 1018 834 obemtprsesutuu.

125 846 374 944 Expirantque
389 847 639 922 simal'matres
649 855 817 950 tristique
830 853 1010 948 sepulchri

177 950 329 1022 Munere
344 954 697 1045 materntwfnrtgitur
709 951 784 1047 ipse
798 949 909 1028 sinus.
961 1003 969 1013 ·

123 1051 196 1126 Hic
211 1047 339 1124 iterum
355 1054 510 1125 subeunt
525 1057 666 1124 animos
677 1053 777 1127 nava
787 1053 904 1130 taedia
921 1059 1035 1152 vulgi,

177 1155 341 1226 Paenitet
355 1169 389 1226 et
407 1153 732 1228 variasdeseruisse
746 1153 885 1234 clothes.
971 1207 976 1216 ·

125 1255 200 1328 Nec
216 1271 333 1328 tamen
348 1269 512 1328 accusant
526 1256 654 1333 Mosen
665 1253 690 1344 ,³
702 1263 768 1328 'ssd
783 1262 956 1350 grandius
972 1263 1119 1348 addunt,
1173 1275 1340 1300 *Ν
1369 1257 1376 1273 ’

181 1358 263 1450 Quo
282 1372 417 1449 premat
432 1358 647 1446 intensi-itus,
669 1363 807 1431 erinna
823 1357 954 1434 habere
969 1357 1096 1439 Deum.

124 1461 271 1534 Scilicet
285 1455 371 1530 haec
386 1460 527 1530 miseris
540 1457 693 1531 nimium
707 1464 847 1556 vulgata
864 1465 1006 1560 querela
1024 1479 1094 1548 est,

181 1563 276 1634 iusta
294 1564 355 1632 sed
370 1574 421 1633 est
436 1585 573 1654 semper
586 1559 720 1636 iudicis
727 1567 779 1636 ira
795 1563 886 1638 Dei.
973 1610 993 1620 ·-

123 1662 174 1736 Et
189 1687 393 1760 quanquam
408 1668 665 1756 sontespunit,
690 1680 814 1737 tamen
827 1669 922 1740 inter
936 1661 1095 1757 eosdem,

178 1767 305 1839 Servat
324 1765 509 1858 relliquias
523 1768 678 1856 agminis
692 1766 766 1859 ipse
786 1771 855 1844 sui.
943 1793 947 1800 ·
968 1808 972 1819 ·

127 1865 227 1960 Ergo
244 1869 342 1938 iubet
358 1865 486 1939 Mosen
504 1889 666 1958 percussa
683 1856 831 1940 educere
845 1893 950 1961 rupe,

181 1971 252 2041 Pro
272 1969 402 2060 populo
420 1970 599 2040 undarum
614 1963 764 2040 liumirr's
782 1973 877 2062 larga
896 1997 972 2048 sato.

128 2069 355 2166 obsequitur
369 2068 507 2155 Moses,
530 2072 706 2170 novosed
720 2065 881 2144 ionfuno
897 2088 1052 2146 mentem

182 2173 343 2257 Turb-at,
369 2185 405 2242 et
419 2193 585 2262 aggressu
595 2174 773 2264 diriguere
789 2197 925 2250 manus.

130 2273 201 2362 Et,
228 2275 329 2346 cuius
345 2267 669 2368 nunquam'pectns
682 2279 920 2369 trepidaverat
935 2291 1034 2363 ante,

177 2378 217 2450 Si
239 2377 382 2470 quando
397 2377 536 2447 inerant
555 2377 647 2446 iussa
664 2380 829 2448 obeunda
845 2379 922 2470 net,

132 2480 207 2548 lam
224 2478 333 2548 veluti
351 2477 454 2546 tranis
468 2479 622 2570 scopulis
640 2480 732 2548 illisa
749 2481 898 2563 fatiscit,

183 2580 245 2654 Sic
262 2604 383 2671 rupem
401 2579 595 2670 aspiciens,
631 2582 759 2653 excidit
774 2584 841 2678 iste
855 2582 936 2655 sihi.

132 2679 179 2753 Et
196 2682 296 2766 ierit,
328 2695 362 2751 et
378 2682 536 2767 duhitat,
561 2685 620 2751 sed
640 2705 722 2753 mox
740 2707 776 2753 se
793 2683 926 2774 colligit
943 2682 1037 2772 ipse,

183 2781 233 2854 Et
246 2783 365 2873 vigor,
390 2783 428 2851 in
446 2793 584 2875 pectus,
606 2783 671 2877 qui
685 2787 754 2855 init
769 2799 868 2870 ante,
894 2786 998 2859 redit.

130 2883 231 2976 Ergo
246 2887 374 2954 ardens
392 2885 520 2954 iterum
537 2907 660 2976 rupem
677 2885 823 2957 Sinaida
839 2889 973 2980 pulsat,
1090 2911 1094 2920 ’

181 2984 232 3058 Et
247 2985 374 3056 haculo
391 2987 482 3075 cogit
497 2987 621 3056 cedere
639 3011 718 3056 scrxa
734 3013 816 3058 suo:

132 3085 313 3181 Quodque
330 3087 418 3176 riget
434 3089 503 3157 late
517 3089 593 3158 loca
610 3103 725 3170 vasta,
749 3090 931 3159 effundere
946 3089 1102 3175 flumen,

190 3189 293 3264 Unde
309 3191 376 3258 sibi
392 3190 513 3259 dulces
530 3185 670 3260 hauriat
686 3213 811 3280 agrurn
829 3214 948 3284 aquas.

136 3291 215 3362 Hoc
232 3289 330 3362 Deus
348 3291 508 3382 exemplo
522 3305 695 3364 monstrat
711 3315 748 3362 se
763 3315 902 3384 pascere
916 3306 1077 3383 egentes,

189 3392 291 3484 Quos
305 3395 349 3463 ad
365 3393 529 3482 militiam
547 3393 670 3484 deligit
688 3394 762 3485 ipse
777 3417 889 3468 suam.

137 3495 208 3567 Sed
226 3514 345 3566 tamen
363 3508 398 3565 et
413 3494 527 3563 maius
543 3495 712 3588 quiddam
726 3497 920 3585 spectacula
940 3497 1036 3566 ¹tanta

190 3596 417 3684 Significant,
442 3596 592 3666 muitum
610 3598 706 3690 quod
720 3599 921 3666 meminisse
937 3597 1045 3670 iuvat.

142 3697 282 3788 Legiier
294 3711 336 3768 ut
353 3697 471 3768 Moses
490 3713 541 3768 est
556 3699 671 3767 iussus
687 3698 847 3766 scindere
862 3723 983 3788 rupem
989 3747 1001 3784 ,

190 3803 251 3872 Sic
266 3813 410 3896 psopter
424 3797 553 3889 Legem
572 3799 717 3868 vulnera
732 3796 894 3870 Chiistus
911 3795 1029 3872 hahet.

141 3899 212 3970 Lex
231 3901 377 3970 immota
393 3915 525 3972 manet:
554 3913 732 3990 peccatum
751 3903 869 3991 punit,
897 3915 930 3971 et
945 3901 1040 3988 odit,

189 3996 437 4096 Proponitque
447 4001 522 4072 irae
537 4001 688 4093 plurima
704 3999 801 4092 sigua
816 3995 922 4074 Deus.

145 4103 298 4190 Verum,
328 4127 373 4172 ne
389 4127 533 4200 prorsus
543 4117 675 4174 natura
692 4099 846 4202 iurnrana
866 4103 1014 4196 periret,

193 4205 290 4277 Neve
305 4201 391 4274 haec
404 4205 533 4276 irustra
551 4221 636 4274 esset
654 4204 795 4275 condita
810 4207 926 4293 imago
945 4202 1028 4276 Dei:

143 4307 213 4380 Pro
229 4309 333 4378 nobis
349 4305 461 4378 Natus
474 4306 583 4404 patris
597 4307 810 4388 intercessit,
835 4306 981 4398 aditque

191 4409 371 4494 Poenam,
397 4433 502 4500 quam
521 4404 790 4479 iustasaurerat
806 4409 856 4476 ira
874 4405 952 4480 Dei.

143 4509 214 4582 Lex
230 4511 339 4602 igitur
355 4505 538 4583 Christum
553 4512 732 4584 insontem
754 4511 940 4601 percussit,
964 4507 1098 4600 atinde

194 4600 392 4703 Maharunt
408 4599 501 4706 yitae
518 4612 665 4682 flumina
678 4625 920 4704 gramnovae.
944 4677 948 4684 .

144 4701 352 4816 Curantem
371 4701 522 4810 trepidat
536 4711 679 4813 Mpses?
706 4712 882 4805 praesagia
900 4712 1034 4794 luctus,

201 4803 367 4918 Venturn'
380 4812 569 4914 ippupulp
589 4829 799 4910 ‚tuucpamr
814 4813 875 4880 ille
890 4812 968 4884 sirit.

148 4916 252 5007 Quae
266 4919 399 5007 legem,
424 4919 617 5009 vocemque
630 4917 699 4985 Dei
714 4937 799 5006 gens
815 4913 928 4983 audiit
945 4931 1036 4994 una,

199 5017 298 5089 Haec
312 5013 454 5090 Christo
470 5017 625 5108 Domino
644 5031 693 5086 est
708 5016 853 5084 iniicere
869 5037 951 5083 ausa
969 5035 1106 5085 ursinus.

149 5119 352 5192 Venturum
368 5115 773 5215 sceius'ffit'oc'eiciiorrcut
789 5129 929 5207 pectora
948 5112 1079 5194 Musis,

199 5219 248 5296 Et
265 5213 529 5308 nmdinncndte
545 5221 777 5302 motadslnce
791 5231 944 5309 stupent.
1029 5275 1033 5284 .

151 5323 265 5416 Saepe
280 5327 387 5394 disces
403 5321 529 5440 pupuli
540 5323 678 5412 irritant
691 5333 726 5391 te
741 5319 891 5390 maxime
909 5312 1069 5402 Christe,

204 5427 422 5502 Anteieeunt
436 5425 642 5496 dictinum
654 5447 718 5494 sna
733 5423 812 5494 iura
829 5419 913 5492 tuis.

141 5515 338 5622 'Neaeram
362 5547 468 5615 Orsa.
493 5545 578 5614 voc.
603 5543 651 5610 X.

826 331 831 341 .
868 271 1188 354 stamnum
1238 273 1343 356 ΗΒ.
1370 275 1449 350 111.

1176 445 1224 521 Et
1240 449 1334 520 coeci
1351 451 1457 524 decus
1473 472 1546 518 esse
1561 461 1686 540 putant
1702 477 1775 524 non
1792 454 1928 527 mirere
1942 457 2052 551 leges,

1225 549 1323 641 Quas
1339 551 1456 622 decuit
1472 551 1549 622 voci
1564 554 1685 622 cedere
1701 572 1825 649 sponte
1840 554 1920 634 Dei.

1171 650 1237 726 Est
1254 654 1367 725 virtus
1381 653 1489 743 leges,
1515 666 1549 724 et
1564 677 1703 722 morum
1715 657 1835 728 uincla
1852 659 1985 744 vereri,
2056 693 2059 701 ·

1174 827 1179 840 ,
1222 755 1262 830 Si
1282 770 1399 868 tamen
1416 769 1450 832 et
1467 756 1580 860 legum
1599 757 1718 862 regula
1736 754 1899 864 Cirristus
1915 763 1994 836 erit.
2118 849 2120 854 ¹

1170 1112 1516 1253 Nocet.)
1796 1133 1821 1180 ⁰
1949 1190 2161 1273 (masma)

1949 1277 2161 1318 Q

1211 1365 1217 1403 ⁷
1241 1363 1324 1460 dpud
1343 1361 1472 1446 vincent.
1492 1406 1519 1462 p.
1532 1387 1567 1445 99
1579 1409 1621 1464 sq,
1640 1415 1644 1420 ·
1765 1404 1767 1413 ’

1170 1563 1418 1659 Epitaphium
1442 1569 1632 1656 scriptum
1656 1572 1804 1664 contups·
1829 1574 2064 1668 inteperrimi
2087 1579 2160 1649 siri

1378 1667 1622 1742 Friderics'
1652 1671 1956 1762 Barnpcckis'.

1172 1831 1251 1904 Hoc
1267 1837 1406 1930 rumulo
1419 1851 1532 1908 castae
1549 1851 1729 1908 matronae
1744 1840 1906 1911 condidit
1922 1835 2051 1914 Annae

1224 1935 1426 2010 Fridericus
1440 1937 1627 2031 Bernpeck
1642 1941 1800 2029 coniugis
1819 1965 1897 2012 ossa
1914 1965 2008 2014 suae.

1173 2035 1241 2109 Cui
1258 2038 1397 2109 novisse
1413 2037 1549 2126 Deum,
1571 2055 1604 2110 et
1620 2042 1780 2111 coelestia
1797 2043 1931 2114 discere
1947 2045 2059 2131 dicta,

1223 2137 1271 2212 Et
1287 2165 1408 2232 parere
1423 2141 1509 2232 ipsis
1522 2142 1672 2214 maxima
1688 2167 1773 2212 cura
1786 2144 1864 2218 init.

1175 2238 1397 2336 instificaque
1410 2244 1479 2314 fide
1498 2243 1608 2315 coluit
1622 2257 1655 2312 te
1671 2239 1811 2314 Christe
1829 2243 2041 2332 Redemtor,

1224 2339 1438 2434 Exemplum
1454 2367 1570 2414 mures
1587 2356 1619 2412 et
1634 2343 1774 2434 pietatis
1786 2361 1898 2420 erant.

1110 2517 1112 2522 ,
1175 2443 1282 2515 Mens
1301 2444 1408 2534 igitur
1426 2445 1557 2536 patriae
1573 2445 1704 2516 fruitur
1721 2447 1879 2516 coelestis
1895 2442 2051 2533 honore,

1226 2545 1306 2630 Hoc
1318 2559 1457 2618 tantum
1472 2547 1603 2637 tegitur
1616 2570 1743 2638 corpus
1762 2547 1868 2618 inane
1883 2549 1973 2620 solo.

1847 2801 2156 2826 m

1174 2981 1346 3114 fflssd.

1984 3081 2157 3111 Μ

1133 3210 1138 3218 ’
1259 3202 1341 3271 Apud
1361 3199 1488 3258 Vincunt.
1507 3219 1533 3273 p.
1545 3201 1571 3256 6.

1164 3389 1224 3474 ‚ln
1248 3377 1420 3452 ratetum
1452 3377 1644 3449 Ecclesiae
1669 3371 1753 3450 Dei
1777 3375 1845 3448 sud
1877 3382 2043 3474 imupine
2073 3385 2166 3454 Hal-

1201 3504 1379 3578 epcmsm,
1419 3477 1652 3570 descriptum
1677 3481 1851 3552 Carmine
1878 3503 1902 3552 n
1929 3485 2139 3558 Martius

1542 3585 1573 3652 S
1581 3582 1800 3653 accincto.

1166 3746 1367 3818 Fluctibus
1380 3743 1419 3812 in
1434 3743 1558 3812 mediis
1573 3743 1714 3834 pariens
1728 3741 1884 3814 Ecclesia
1900 3769 2024 3843 quare¹
2090 3764 2095 3772 '

1232 3847 1456 3940 Halcyonum
1470 3845 1598 3912 similis
1610 3845 1677 3928 sit,
1698 3846 1817 3914 tabula
1832 3845 1898 3914 ista
1913 3851 2024 3918 docet.

1182 3949 1247 4020 ilia
1263 3950 1326 4018 sed
1344 3963 1396 4018 est
1408 3945 1606 4015 aliis'etiam
1625 3945 1762 4034 depicta
1778 3945 1914 4034 figuris:

1231 4049 1387 4120 Naturae
1404 4045 1579 4137 impressit
1594 4047 1744 4138 plurima
1761 4047 1860 4136 signa
1876 4048 1982 4120 Deus.

1182 4151 1296 4224 Nidus
1311 4146 1412 4219 humi
1433 4149 1521 4218 iacet
1535 4149 1629 4220 inter
1644 4173 1724 4218 saxa
1742 4146 1980 4244 Hypolaidns,
2004 4153 2045 4222 ,in
2064 4179 2167 4248 quem
2285 4197 2289 4202 .

1234 4251 1386 4342 ignavus
1400 4247 1537 4344 Coccyx
1551 4275 1617 4320 ova
1631 4249 1783 4321 fovenda
1801 4247 1923 4327 locat..

1183 4355 1345 4446 Cumque
1360 4352 1422 4421 diu
1440 4351 1536 4442 pavit
1554 4351 1718 4420 cuculum
1735 4349 1889 4439 officiosa
1908 4377 2088 4440 voracem,

1234 4456 1307 4526 Nec
1324 4468 1440 4524 tamen
1458 4451 1650 4540 ingluviem
1670 4453 1737 4520 iam
1753 4467 1909 4522 saturare
1926 4467 2055 4545 potest:

1186 4557 1281 4628 Tum
1300 4555 1368 4624 sibi
1385 4569 1542 4625 servatae
1556 4553 1697 4622 solvens
1712 4553 1801 4620 mala
1820 4553 1973 4643 praemia
1993 4557 2100 4644 vitae,

1235 4657 1418 4726 Nutricem
1433 4655 1578 4724 cuculus
1595 4655 1817 4724 decoratore
1834 4677 1945 4724 suam.

1188 4757 1248 4832 Sic
1261 4758 1318 4850 pia
1335 4782 1370 4826 se
1386 4765 1564 4848 praestans
1580 4749 1797 4826 Thammero
1815 4749 1971 4824 Ecclesia
1986 4770 2155 4844 matrem,

1237 4859 1444 4951 Serpentem
1459 4857 1604 4948 proprio
1619 4857 1748 4928 nutriit
1762 4857 1836 4946 ipsa
1851 4855 1944 4926 sinu.

1187 4961 1268 5054 Non
1287 4963 1386 5030 timet
1400 4959 1439 5027 in
1455 4972 1603 5027 matrem
1620 4958 1780 5028 crudeles
1796 4970 1930 5025 vertere
1949 4979 2103 5046 morsus,

1239 5059 1304 5132 llle
1318 5085 1383 5131 nec
1398 5084 1471 5132 esse
1485 5055 1618 5142 Deum,
1644 5057 1705 5150 qui
1719 5057 1815 5126 videt
1832 5056 1895 5124 ista
1912 5071 2024 5149 putat.
2054 5143 2057 5150 Ι

1191 5162 1309 5235 Gnate
1326 5155 1413 5248 Dei,
1441 5155 1610 5253 prohibe,
1635 5156 1771 5249 proprii
1789 5157 1954 5230 deiensnr
1973 5155 2139 5248 honoris,

1243 5252 1448 5334 Visceribus
1465 5259 1608 5331 cuculos
1622 5283 1659 5330 se
1675 5257 1801 5329 satiare
1818 5259 1901 5333 tuis.

1571 5521 1718 5608 40,
