4896 5974
274 248 350 324 605

276 421 438 516 Namque
460 431 522 491 tuo
546 426 667 489 sumtu
686 410 822 480 flavum
844 400 966 478 schola
987 399 1131 475 condita
1147 402 1193 474 ad
1207 393 1275 470 Al·

726 603 728 608 Ι
792 510 866 580 him
883 520 946 589 est,
1029 597 1031 602 ,

329 622 382 698 Ut
396 625 490 697 vitae
506 645 630 694 verum
647 619 802 690 traderet
816 613 878 682 illa
894 611 1054 682 modum.

279 729 351 801 Hie
368 725 555 817 Evangelii
572 723 729 814 primum
745 716 907 787 doctrina
923 706 1104 806 renata¹)‚

331 828 480 904 Deterso
495 827 610 919 coepit
624 817 759 917 pura²)
776 819 891 890 nitere
904 817 986 888 situ.
1006 861 1011 868 -

282 933 408 1006 Induit
420 928 480 1003 hic
495 952 598 1000 veros
616 926 754 1010 vultus,
780 922 984 1012 iterumque
999 916 1172 988 coloremt

334 1033 637 1127 Accepittandem
650 1027 789 1116 relligio
804 1026 880 1116 ipsa
896 1043 1011 1092 suum.

282 1139 331 1213 Et
347 1163 426 1210 cum
443 1133 617 1207 Germani
632 1129 813 1202 sumsisset
829 1149 925 1194 arma
944 1119 1120 1216 Tyranni,

331 1239 465 1312 Contra
480 1221 718 1326 Ev'angelium
733 1241 923 1322 sanctaque
939 1225 1033 1294 iussa
1047 1219 1128 1296 Dei.

280 1344 454 1418 Doctores
469 1341 536 1412 tibi
550 1363 633 1408 cura
649 1335 729 1427 pios
742 1330 930 1402 defendere
947 1325 1027 1409 soli,

333 1443 382 1518 Et
397 1448 467 1516 late
483 1437 619 1512 Christi
633 1458 796 1530 spargere
811 1435 938 1521 dogma
953 1430 1034 1501 fuit.

282 1549 352 1622 His
363 1549 431 1620 tihi
445 1570 514 1638 pro
526 1540 664 1612 meritis
680 1552 777 1630 grata
792 1532 979 1628 praeconia
996 1533 1083 1602 voce
1214 1613 1220 1626 .

335 1649 529 1722 Posteritas
544 1644 678 1728 omnis,
703 1641 830 1732 virque
846 1658 1005 1730 puerque
1018 1643 1157 1704 canent.

175 1774 180 1784 “
283 1753 392 1826 Nulla
406 1765 485 1824 tuas
502 1771 660 1841 unquam
676 1744 824 1814 virtutes
840 1737 973 1809 nesciet
989 1748 1095 1820 aetas,

334 1855 418 1928 Non
432 1852 542 1925 insin
556 1851 680 1920 laudes
695 1866 792 1916 mors
805 1837 913 1912 habet
928 1851 1004 1909 atra
1017 1853 1106 1911 tuas.
1127 1873 1129 1878 ·
1245 1888 1246 1894 1

727 1981 838 2049 Aliud.
865 2033 876 2066 r

283 2113 381 2184 Haec
395 2109 599 2205 quicunque
614 2100 713 2169 vides
729 2094 832 2165 oculo
850 2101 1062 2184 properante
1074 2085 1202 2170 viator,

334 2215 394 2284 Ad
407 2233 505 2282 sacra
517 2230 563 2276 ne
579 2203 696 2295 pigeat
711 2195 833 2268 sistere
848 2197 951 2265 busta
966 2194 1103 2284 pedem.

290 2313 356 2387 Ille
372 2337 436 2405 ego
450 2306 674 2388 Fridericus‚
699 2297 799 2372 Duce
815 2322 886 2392 quo
903 2295 1058 2367 Saxonis
1074 2291 1158 2362 felix

339 2413 465 2488 Ardua
479 2423 655 2482 sacratum
671 2402 827 2475 tollit-ad
843 2413 937 2470 astra
953 2411 1069 2489 caput.

288 2507 363 2611 Qui
378 2513 541 2612 quamvis
555 2525 629 2585 tota
643 2507 783 2578 arderet
800 2499 993 2573 Germania
1009 2497 1124 2580 hellis,

337 2619 452 2714 Effeci
464 2639 587 2712 pacem
601 2608 765 2704 gentibus
780 2627 854 2675 esse
868 2603 967 2676 meis.

286 2723 335 2798 Et
349 2723 448 2794 senio
463 2719 607 2790 tandem
621 2711 738 2804 longis
754 2708 933 2779 confectus
948 2705 994 2775 ab
1010 2703 1126 2789 annis,

338 2824 409 2896 Hic
424 2839 524 2914 tegor
537 2819 664 2909 exiguo
680 2813 845 2886 conditus
860 2808 900 2878 in
915 2806 1066 2878 tumulo.

261 2973 265 2981 «
286 2929 471 3002 Virtutum
486 2923 609 2994 laudes
625 2931 659 2990 et
672 2917 804 2988 famam
821 2913 928 3000 longa
940 2931 1101 2980 mearum

337 3027 528 3104 Posteritas
544 3043 701 3114 semper,
727 3018 773 3087 sit
788 3015 896 3085 modo
913 3025 1029 3104 grata,
1053 3011 1153 3083 feret.

716 3185 721 3197 ¹
733 3159 853 3224 Aliud*

245 3321 249 3328 ·
287 3285 467 3377 Principis
478 3279 538 3352 hic
553 3275 713 3349 tumulus
724 3267 901 3342 Friderici
915 3264 1076 3335 continet
1090 3286 1179 3348 ossa,

341 3390 458 3480 Quem
474 3381 608 3476 patriae
622 3391 758 3470 patrem
772 3373 902 3442 fecerat
917 3390 990 3437 esse
1003 3363 1112 3436 Deus.

291 3493 393 3564 lilius
408 3501 444 3559 et
456 3506 579 3556 manes
595 3483 649 3551 fac
665 3476 798 3571 optime
813 3467 954 3542 Christe
970 3468 1164 3563 quiescant,

341 3591 504 3666 Molliter
518 3587 628 3680 inque
643 3582 725 3651 sinu
739 3599 841 3670 posse
855 3575 964 3646 latere
979 3585 1053 3642 tuo.

288 3699 380 3770 Nam
395 3697 481 3765 dum
496 3689 570 3760 vita
584 3686 674 3770 fuit,
701 3695 762 3753 tua
775 3701 874 3750 sacra
890 3675 1043 3758 colebat,
1069 3687 1213 3768 eratque

338 3799 450 3870 Nosse
465 3788 701 3882 Evangelium
716 3781 868 3854 maxima
886 3800 970 3849 cura
988 3775 1078 3850 viro.

1247 3995 1282 4004 -u

288 4005 855 4038 ...........-—---—-—-

237 4111 252 4167 ¹,
315 4160 383 4234 No.
398 4153 460 4228 51.

297 4253 469 4288 Μ

1112 4165 1160 4206 eu.
1178 4143 1273 4208 1525.

1107 4233 1276 4276 w

359 4358 392 4414 ln
402 4353 542 4426 farragine
554 4350 644 4405 Seeer.
658 4355 685 4400 et
696 4348 725 4400 in
739 4361 803 4464 opp.
815 4340 875 4395 Bas.
888 4337 923 4393 Τ.
934 4301 971 4394 v]
981 4357 1008 4410 p.
1016 4337 1076 4394 850.
1111 4336 1194 4411 Apud
1202 4337 1281 4394 Vino.

393 4445 423 4500 p.
438 4425 496 4480 118.
517 4449 546 4461 -
583 4417 656 4472 coll.
669 4414 752 4488 Epist.
794 4412 830 4466 ol.
844 4411 865 4466 1.
878 4428 906 4482 p.
919 4407 983 4463 ⁷87.

488 4562 698 4640 Iohanni
739 4549 1084 4651 neeffeactetn.

291 4707 468 4780 Promissa
485 4715 537 4772 est
551 4725 571 4770 a
588 4713 621 4769 te
638 4695 742 4766 nobis
759 4692 896 4776 oratio,
925 4688 1020 4768 lane,

344 4809 445 4899 Quae
460 4816 673 4875 mercatores
689 4796 847 4866 vindicet
862 4816 945 4863 ausa
962 4813 1052 4863 reos.

294 4910 406 5000 Regia
423 4911 525 4979 crede
540 4897 631 4975 mihi
647 4925 702 4972 res
719 4913 770 4968 est
785 4896 992 4978 defendere,
1018 4892 1048 4962 si
1064 4889 1122 4962 cui

343 5011 426 5082 Non
441 5011 556 5101 ipsum
572 5007 725 5084 crimen,
752 5001 812 5070 sed
827 5013 931 5067 nocet
946 4993 1092 5064 invidia.

292 5114 342 5188 Et
355 5129 490 5204 tegere,
516 5123 550 5179 et
566 5131 705 5178 servare
722 5104 836 5174 bonos
850 5097 1016 5169 facundia
1031 5095 1147 5175 debet,

343 5212 567 5288 Praesidium
582 5211 696 5282 virtus
712 5205 846 5276 scilicet
862 5202 956 5272 istud
971 5193 1089 5270 habet.

293 5337 521 5356 u—-ffl-“ffffl

194 5423 200 5429 .
330 5382 356 5448 l)
374 5380 439 5434 Bas.
459 5383 486 5431 et
504 5374 565 5430 See.
582 5371 687 5429 addunt
705 5379 757 5425 est.

326 5452 357 5518 2)
373 5465 446 5518 pure
464 5447 527 5500 Eas.

1021 222 1351 302 CARMlNUM
1401 219 1509 296 ΜΒ.
1535 220 1566 294 Ι.

2233 213 2311 290 ⁵04
2434 151 2435 172 i

1327 395 1448 486 Quare
1458 418 1521 486 age
1530 395 1676 466 tandem
1689 393 1796 480 ausis,
1811 406 1845 464 et
1855 403 2012 462 sanctam
2025 390 2163 482 suscipe
2176 412 2322 460 causam

1378 496 1484 569 Irrita
1499 522 1544 568 ne
1560 498 1687 568 fallant
1701 520 1767 566 nos
1778 509 1840 566 tua
1854 495 1948 564 dieta
1962 494 2082 568 modo.

1326 599 1548 672 Conscissam
1564 625 1610 670 ne
1625 600 1726 669 vides
1740 599 1874 688 tragico
1889 595 2079 666 crudeliter
2094 595 2182 666 ore?

1378 701 1509 792 Qualia
1524 704 1568 772 dc
1584 701 1752 794 plaustris
1768 697 1888 772 Attica
1906 697 2010 769 turba
2027 707 2141 771 sonat.

1230 825 1234 830 ·
1327 803 1388 878 Tu
1404 803 1678 900 (benedicendo
1695 803 1852 874 convitia
1869 802 2012 870 vincere
2026 802 2105 870 laus
2120 796 2190 894 est)
2211 823 2215 834 ·

1378 906 1498 978 Triste
1513 901 1607 976 nihil
1623 906 1787 976 meritam
1802 927 1887 974 voce
1900 919 1999 976 tuere
2013 903 2083 993 pia.

1326 1008 1432 1080 Hanc
1445 1009 1513 1080 tibi
1530 1007 1742 1079 Maeonides
1755 1007 1879 1078 divino
1896 1006 2053 1076 carmine
2068 1003 2204 1089 laudat,

1378 1108 1470 1182 Cum
1485 1112 1640 1191 ferrum,
1665 1109 1857 1194 Temesen,
1883 1109 1960 1200 ipsa
1975 1106 2142 1178 Minerva
2159 1099 2266 1179 vehit.

1328 1213 1562 1307 Ascracique‚
1587 1213 1680 1282 senis
1695 1213 1874 1282 celebrant
1890 1211 2052 1292 oracula,
2079 1222 2193 1280 cantat

1380 1315 1536 1387 Socratis
1550 1315 1589 1384 in
1605 1317 1739 1406 gremio
1757 1315 1820 1408 qui
1834 1313 2025 1386 recubabat
2040 1311 2130 1384 olor.

1328 1419 1432 1488 Aude
1447 1417 1557 1508 igitur
1572 1430 1795 1510 spretumque
1812 1418 1880 1508 piis
1895 1415 2077 1487 ulciscitor
2092 1412 2210 1497 armis,

1380 1517 1532 1592 Materia
1548 1519 1692 1610 ingenio
1709 1519 1878 1588 convenit
1897 1518 1961 1588 ista
1977 1532 2052 1590 tuo.

1319 1619 1491 1715 Ἄλκιμος
1504 1618 1596 1707 eoo',
1618 1619 1683 1694 ἵνα
1697 1615 1752 1700 τίς
1768 1641 1808 1692 σε
1823 1615 1887 1692 καὶ
1903 1607 2095 1720 ὀψιγόνων
2111 1609 2153 1690 εὗ
2168 1615 2263 1708 aius,

1380 1723 1477 1796 Haec
1491 1724 1559 1796 tihi
1573 1722 1785 1794 Maeonides
1798 1723 1959 1808 classica,
1984 1721 2086 1808 lane,
2111 1720 2219 1790 canit.

1332 2075 1498 2203 Q
2116 2081 2180 2161 (an.
2199 2080 2309 2161 1525.)

2107 2173 2318 2208 Μ

1375 2253 1381 2278 ⁸
1401 2295 1431 2349 ln
1451 2295 1549 2366 farrag.
1569 2291 1661 2348 Secer.
1679 2293 1752 2348 etin
1770 2311 1834 2366 opp.
1845 2293 1908 2350 fiae.
1924 2291 1957 2349 T.
1968 2293 2002 2350 V.
2020 2311 2048 2365 p.
2058 2291 2120 2350 351.
2154 2289 2236 2364 Apud
2249 2291 2321 2345 Vin-

1433 2372 1506 2420 cent.
1524 2381 1551 2434 p.
1566 2362 1626 2418 108.

1403 2517 1463 2596 Aa
1485 2527 1508 2594 Ι
1517 2543 1656 2594 onum
1682 2520 1713 2612 (t
1730 2545 1759 2594 e.
1774 2527 1954 2596 loannem
1968 2471 2252 2620 Reiffeeatein).

1334 2679 1376 2750 ln
1394 2700 1502 2748 coena
1519 2675 1669 2745 conviva
1686 2670 1776 2743 mihi
1791 2675 1994 2746 doctissime
2012 2673 2107 2758 lane,

1384 2779 1438 2850 De
1454 2773 1729 2874 Symphoniacis
1745 2801 1838 2874 unus
1854 2791 1888 2848 et
1902 2778 1991 2848 alter
2007 2779 2084 2850 erit.

1334 2880 1478 2975 Quique
1490 2875 1581 2973 χέλυ
1596 2879 1716 2970 digitis
1731 2879 1864 2970 argutis
1879 2881 1998 2962 ludat,
2025 2883 2146 2952 adesse

1385 2984 1442 3054 Ad
1459 2997 1597 3052 nostras
1612 2983 1734 3074 epulas
1750 2979 1835 3052 Iane
1851 2985 2030 3071 rogandus
2045 2985 2122 3070 erit,

1333 3085 1415 3156 Non
1432 3079 1528 3155 hunc
1544 3085 1647 3154 crede
1662 3077 1752 3152 mihi
1770 3085 1833 3178 qui
1849 3083 1978 3154 Martis
1993 3086 2086 3158 furta
2102 3087 2260 3171 canebat,

1385 3187 1483 3258 lnter
1497 3183 1668 3280 phaeacas
1685 3187 1812 3256 vicerit
1826 3187 1887 3254 ille
1903 3211 2019 3260 senex.

1333 3285 1501 3360 Carmine
1515 3291 1546 3358 si
1561 3290 1677 3360 tristes
1694 3288 1806 3358 animi
1821 3291 1995 3380 depellere
2010 3311 2122 3373 curas,

1385 3391 1532 3462 Viribus
1548 3405 1583 3460 et
1597 3391 1697 3460 fessis
1712 3390 1788 3460 ocia
1804 3415 1912 3482 parva
1928 3415 2046 3482 paras:

1334 3491 1415 3565 Huc
1430 3493 1622 3568 adesultro
1639 3491 1746 3562 honis
1761 3493 1925 3564 convivia
1940 3496 2040 3564 adire
2055 3494 2235 3564 bonorum

1385 3593 1468 3668 Mos
1484 3606 1554 3680 est,
1579 3609 1615 3666 at
1631 3595 1788 3686 rogitant
1803 3609 1837 3667 te
1854 3597 1962 3666 modo
1978 3593 2063 3666 lane
2076 3595 2176 3670 boni.

1351 3933 1416 4004 No.
1431 3932 1493 4008 5³.

1342 4031 1513 4061 Μ

2156 3963 2206 4007 sn.
2222 3941 2313 4007 15²5.

2148 4030 2317 4060 w

1404 4133 1436 4190 ln
1452 4135 1550 4206 farrag.
1563 4132 1694 4189 serenet
1709 4131 1737 4188 in
1752 4151 1814 4204 opp.
1827 4133 1888 4188 Bae.
1908 4131 1941 4188 T.
1953 4133 1987 4187 V.
2005 4151 2032 4204 p.
2041 4133 2103 4191 850.
2116 4145 2143 4188 et
2155 4135 2229 4206 apud
2246 4135 2322 4190 Viae.

1439 4223 1466 4275 p.
1480 4205 1539 4262 118.
1562 4231 1598 4243 -
1633 4203 1714 4272 Apud
1733 4203 1873 4258 Secerium
1892 4201 2053 4257 inscribitur
2071 4203 2181 4256 Imaui
2196 4205 2324 4259 Er‘sleben

1438 4275 1477 4338 (Α
1512 4273 1630 4337 iselae),
1653 4281 1679 4324 et
1697 4271 1737 4326 sic
1756 4271 1835 4325 etiam
1855 4271 1883 4324 in
1902 4271 1983 4326 Bait.
2019 4271 2074 4326 Sed
2094 4273 2256 4329 Vincentius
2275 4292 2322 4345 pro

1437 4343 1484 4396 tsi·
1496 4343 1565 4397 eben
1578 4341 1651 4394 dedit
1664 4378 1683 4410 „
1691 4339 1815 4396 Amico.”
1850 4339 1961 4412 Ubique
1972 4359 2038 4394 vero
2047 4341 2191 4413 Agricolae
2205 4353 2245 4399 est
2256 4343 2323 4400 reti·

1438 4420 1532 4486 ptum,
1549 4409 1595 4484 qui
1607 4429 1631 4467 e.
1647 4409 1721 4464 152⁵.
1735 4408 1802 4464 abiit
1812 4410 1939 4464 islehiam
1951 4419 1982 4463 ut
1993 4409 2114 4465 scholam
2128 4411 2167 4466 ibi
2179 4422 2293 4486 regeret.

1576 4565 1816 4662 lotoant')
1851 4569 2088 4644 Eleleben.
2216 4647 2224 4668 .-

1336 4720 1484 4818 Optime
1499 4747 1604 4816 quem
1622 4745 1786 4814 praesens
1800 4711 1994 4808 malebam,
2022 4721 2125 4804 lane,
2150 4725 2305 4810 salutem,

1386 4825 1469 4896 Non
1483 4827 1571 4895 falsa
1589 4825 1690 4895 vobis
1705 4825 1921 4896 dicereroce
1934 4827 2054 4907 modo,

1335 4925 1432 4998 Hinc
1448 4928 1555 5013 elegis
1570 4949 1633 5017 ego
1650 4927 1742 4996 ferre
1756 4926 1859 5014 dedi,
1881 4927 2059 5021 iussique,
2082 4923 2219 5020 precari

1389 5030 1436 5104 Ut
1451 5044 1566 5100 servet
1580 5023 1743 5100 Christus
1757 5043 1878 5124 teque,
1901 5044 2070 5123 tuamque
2085 5032 2240 5104 domum.

1335 5127 1585 5225 Auspiciisque
1600 5127 1741 5201 scholae
1756 5133 1890 5216 faveat,
1915 5145 2120 5227 vestrosque
2137 5134 2271 5204 labores

1385 5228 1580 5319 Provehat,
1605 5247 1711 5328 atque
1727 5255 1791 5306 suo
1807 5233 1955 5304 numine
1971 5225 2093 5327 coepta
2108 5235 2215 5309 iuvet.

1333 5373 1528 5385 -ι-

1367 5429 1398 5491 1)
1417 5426 1614 5484 Reiffenstein'
1635 5457 1663 5470 -
1701 5429 1732 5484 lu
1746 5427 1806 5484 Bae.
1820 5427 2002 5488 inscribetura
2019 5431 2127 5488 Ioanni
2135 5431 2250 5486 [stelen.
