<?xml version="1.0" encoding="UTF-8"?>
<!DOCTYPE html PUBLIC "-//W3C//DTD XHTML 1.0 Transitional//EN"
    "http://www.w3.org/TR/xhtml1/DTD/xhtml1-transitional.dtd">
<html xmlns="http://www.w3.org/1999/xhtml" xml:lang="en" lang="en">
 <head>
  <title>
</title>
<meta http-equiv="Content-Type" content="text/html;charset=utf-8" />
  <meta name='ocr-system' content='tesseract 3.04.00' />
  <meta name='ocr-capabilities' content='ocr_page ocr_carea ocr_par ocr_line ocrx_word'/>
</head>
<body>
  <div class='ocr_page' id='page_1' title='image "./philippimelanth07bindgoog_0166.png"; bbox 0 0 4866 5990; ppageno 0'>
   <div class='ocr_carea' id='block_1_1' title="bbox 282 169 2349 348">
    <p class='ocr_par' dir='ltr' id='par_1_1' title="bbox 282 169 2349 348">
     <span class='ocr_line' id='line_1_1' title="bbox 282 169 2349 348; baseline -0.025 -12"><span class='ocrx_word' id='word_1_1' title='bbox 282 257 360 338; x_wconf 84' lang='lat' dir='ltr'><strong>sos</strong></span> <span class='ocrx_word' id='word_1_2' title='bbox 432 283 433 286; x_wconf 15' lang='grc' dir='ltr'><strong>κ</strong></span> <span class='ocrx_word' id='word_1_3' title='bbox 534 339 535 342; x_wconf 9' lang='lat'>¹</span> <span class='ocrx_word' id='word_1_4' title='bbox 637 169 1621 324; x_wconf 45' lang='lat' dir='ltr'><strong>‘sceleratostrenus-oemun</strong></span> <span class='ocrx_word' id='word_1_5' title='bbox 1652 219 1964 348; x_wconf 71' lang='lat' dir='ltr'><strong>nurture</strong></span> <span class='ocrx_word' id='word_1_6' title='bbox 2248 209 2349 284; x_wconf 76' lang='lat' dir='ltr'><strong>soc</strong></span> 
     </span>
    </p>
   </div>
   <div class='ocr_carea' id='block_1_2' title="bbox 286 383 2348 508">
    <p class='ocr_par' dir='ltr' id='par_1_2' title="bbox 286 383 2348 508">
     <span class='ocr_line' id='line_1_2' title="bbox 286 383 2348 508; baseline -0.028 0"><span class='ocrx_word' id='word_1_7' title='bbox 286 437 378 508; x_wconf 82' lang='lat' dir='ltr'><strong>bret.</strong></span> <span class='ocrx_word' id='word_1_8' title='bbox 429 427 507 500; x_wconf 85' lang='lat' dir='ltr'><strong>Hos</strong></span> <span class='ocrx_word' id='word_1_9' title='bbox 524 425 696 500; x_wconf 83' lang='lat' dir='ltr'><strong>Doctores</strong></span> <span class='ocrx_word' id='word_1_10' title='bbox 720 418 817 492; x_wconf 90' lang='lat' dir='ltr'><strong>Deus</strong></span> <span class='ocrx_word' id='word_1_11' title='bbox 840 437 882 485; x_wconf 78' lang='lat' dir='ltr'><strong>ex</strong></span> <span class='ocrx_word' id='word_1_12' title='bbox 905 409 1038 486; x_wconf 84' lang='lat' dir='ltr'><strong>scholis</strong></span> <span class='ocrx_word' id='word_1_13' title='bbox 1059 402 1278 485; x_wconf 75' lang='lat' dir='ltr'><strong>docentium,</strong></span> <span class='ocrx_word' id='word_1_14' title='bbox 1331 414 1481 482; x_wconf 85' lang='lat' dir='ltr'><strong>vocant,</strong></span> <span class='ocrx_word' id='word_1_15' title='bbox 1503 397 1715 484; x_wconf 83' lang='lat' dir='ltr'><strong>abdicabat,</strong></span> <span class='ocrx_word' id='word_1_16' title='bbox 1738 398 1842 470; x_wconf 83' lang='lat' dir='ltr'><strong>cuius</strong></span> <span class='ocrx_word' id='word_1_17' title='bbox 1867 395 1953 486; x_wconf 85' lang='lat' dir='ltr'><strong>legis</strong></span> <span class='ocrx_word' id='word_1_18' title='bbox 1976 391 2154 464; x_wconf 83' lang='lat' dir='ltr'><strong>rationem</strong></span> <span class='ocrx_word' id='word_1_19' title='bbox 2182 383 2348 456; x_wconf 79' lang='lat' dir='ltr'><strong>Plutar-</strong></span> 
     </span>
    </p>
   </div>
   <div class='ocr_carea' id='block_1_3' title="bbox 285 486 2348 712">
    <p class='ocr_par' dir='ltr' id='par_1_3' title="bbox 285 486 2348 712">
     <span class='ocr_line' id='line_1_3' title="bbox 285 486 2348 617; baseline -0.027 -8"><span class='ocrx_word' id='word_1_20' title='bbox 285 551 322 609; x_wconf 84' lang='lat' dir='ltr'><strong>et</strong></span> <span class='ocrx_word' id='word_1_21' title='bbox 352 531 567 608; x_wconf 80' lang='lat' dir='ltr'><strong>discentium</strong></span> <span class='ocrx_word' id='word_1_22' title='bbox 597 526 731 617; x_wconf 81' lang='lat' dir='ltr'><strong>scripta</strong></span> <span class='ocrx_word' id='word_1_23' title='bbox 762 511 976 610; x_wconf 82' lang='lat' dir='ltr'><strong>Prophetica</strong></span> <span class='ocrx_word' id='word_1_24' title='bbox 1005 527 1040 585; x_wconf 89' lang='lat' dir='ltr'><strong>et</strong></span> <span class='ocrx_word' id='word_1_25' title='bbox 1073 504 1280 603; x_wconf 84' lang='lat' dir='ltr'><strong>Apostolica</strong></span> <span class='ocrx_word' id='word_1_26' title='bbox 1332 496 1421 574; x_wconf 89' lang='lat' dir='ltr'><strong>chus</strong></span> <span class='ocrx_word' id='word_1_27' title='bbox 1444 498 1537 574; x_wconf 80' lang='lat' dir='ltr'><strong>hanc</strong></span> <span class='ocrx_word' id='word_1_28' title='bbox 1562 502 1685 588; x_wconf 86' lang='lat' dir='ltr'><strong>affert,</strong></span> <span class='ocrx_word' id='word_1_29' title='bbox 1718 499 1772 572; x_wconf 84' lang='lat' dir='ltr'><strong>Ne</strong></span> <span class='ocrx_word' id='word_1_30' title='bbox 1802 499 1883 595; x_wconf 90' lang='lat' dir='ltr'><strong>quis</strong></span> <span class='ocrx_word' id='word_1_31' title='bbox 1910 497 2069 587; x_wconf 79' lang='lat' dir='ltr'><strong>neglecta</strong></span> <span class='ocrx_word' id='word_1_32' title='bbox 2091 486 2348 582; x_wconf 77' lang='lat' dir='ltr'>Reipublicae</span> 
     </span>
     <span class='ocr_line' id='line_1_4' title="bbox 286 591 2347 712; baseline -0.021 -11"><span class='ocrx_word' id='word_1_33' title='bbox 286 638 407 712; x_wconf 65' lang='lat' dir='ltr'><strong>sumit,</strong></span> <span class='ocrx_word' id='word_1_34' title='bbox 809 613 811 620; x_wconf 75' lang='grc'>’</span> <span class='ocrx_word' id='word_1_35' title='bbox 1332 627 1418 676; x_wconf 90' lang='lat' dir='ltr'><strong>cura</strong></span> <span class='ocrx_word' id='word_1_36' title='bbox 1430 619 1467 676; x_wconf 86' lang='lat' dir='ltr'><strong>et</strong></span> <span class='ocrx_word' id='word_1_37' title='bbox 1480 603 1780 698; x_wconf 81' lang='lat' dir='ltr'><strong>salute,privatis</strong></span> <span class='ocrx_word' id='word_1_38' title='bbox 1793 615 1933 678; x_wconf 84' lang='lat' dir='ltr'><strong>tantum</strong></span> <span class='ocrx_word' id='word_1_39' title='bbox 1949 593 2146 669; x_wconf 80' lang='lat' dir='ltr'><strong>commodis</strong></span> <span class='ocrx_word' id='word_1_40' title='bbox 2159 591 2347 668; x_wconf 70' lang='lat' dir='ltr'><strong>studeret.</strong></span> 
     </span>
    </p>
   </div>
   <div class='ocr_carea' id='block_1_4' title="bbox 1334 705 1960 803">
    <p class='ocr_par' dir='ltr' id='par_1_4' title="bbox 1334 705 1960 803">
     <span class='ocr_line' id='line_1_5' title="bbox 1334 705 1960 803; baseline -0.006 -27"><span class='ocrx_word' id='word_1_41' title='bbox 1334 720 1369 778; x_wconf 90' lang='lat' dir='ltr'><strong>et</strong></span> <span class='ocrx_word' id='word_1_42' title='bbox 1382 731 1467 780; x_wconf 88' lang='lat' dir='ltr'><strong>suae</strong></span> <span class='ocrx_word' id='word_1_43' title='bbox 1479 707 1734 803; x_wconf 65' lang='lat' dir='ltr'>tranquillitati</span> <span class='ocrx_word' id='word_1_44' title='bbox 1749 705 1960 778; x_wconf 72' lang='lat' dir='ltr'>consuleret.</span> 
     </span>
    </p>
   </div>
   <div class='ocr_carea' id='block_1_5' title="bbox 187 808 2355 3778">
    <p class='ocr_par' dir='ltr' id='par_1_5' title="bbox 187 808 2355 3778">
     <span class='ocr_line' id='line_1_6' title="bbox 389 808 2008 921; baseline -0.029 -15"><span class='ocrx_word' id='word_1_45' title='bbox 389 834 672 921; x_wconf 79' lang='lat' dir='ltr'><strong>Tale&#39;organum</strong></span> <span class='ocrx_word' id='word_1_46' title='bbox 691 819 968 894; x_wconf 71' lang='lat' dir='ltr'><strong>electumetiam</strong></span> <span class='ocrx_word' id='word_1_47' title='bbox 987 811 1047 886; x_wconf 89' lang='lat' dir='ltr'><strong>hic</strong></span> <span class='ocrx_word' id='word_1_48' title='bbox 1064 825 1184 884; x_wconf 85' lang='lat' dir='ltr'><strong>noster</strong></span> <span class='ocrx_word' id='word_1_49' title='bbox 1203 808 1284 894; x_wconf 84' lang='lat' dir='ltr'><strong>fuit,</strong></span> <span class='ocrx_word' id='word_1_50' title='bbox 2002 841 2008 850; x_wconf 38' lang='lat' dir='ltr'>f</span> 
     </span>
     <span class='ocr_line' id='line_1_7' title="bbox 187 898 2353 1039; baseline -0.024 -22"><span class='ocrx_word' id='word_1_51' title='bbox 187 1008 207 1035; x_wconf 73' lang='grc'><em>,</em></span> <span class='ocrx_word' id='word_1_52' title='bbox 288 942 354 1039; x_wconf 91' lang='lat' dir='ltr'><strong>qui</strong></span> <span class='ocrx_word' id='word_1_53' title='bbox 368 937 637 1030; x_wconf 79' lang='lat' dir='ltr'><strong>dispositionem</strong></span> <span class='ocrx_word' id='word_1_54' title='bbox 656 940 693 998; x_wconf 89' lang='lat' dir='ltr'><strong>et</strong></span> <span class='ocrx_word' id='word_1_55' title='bbox 705 925 870 996; x_wconf 82' lang='lat' dir='ltr'><strong>ordinem</strong></span> <span class='ocrx_word' id='word_1_56' title='bbox 886 918 1172 1010; x_wconf 80' lang='lat' dir='ltr'><strong>disputationum</strong></span> <span class='ocrx_word' id='word_1_57' title='bbox 1195 935 1284 1004; x_wconf 87' lang='lat' dir='ltr'><strong>pau·</strong></span> <span class='ocrx_word' id='word_1_58' title='bbox 1440 909 1525 981; x_wconf 81' lang='lat' dir='ltr'><strong>Fuit</strong></span> <span class='ocrx_word' id='word_1_59' title='bbox 1540 921 1656 980; x_wconf 87' lang='lat' dir='ltr'><strong>autem</strong></span> <span class='ocrx_word' id='word_1_60' title='bbox 1670 905 1716 981; x_wconf 83' lang='lat' dir='ltr'><strong>D.</strong></span> <span class='ocrx_word' id='word_1_61' title='bbox 1732 903 1923 1000; x_wconf 79' lang='lat' dir='ltr'><strong>Philippus</strong></span> <span class='ocrx_word' id='word_1_62' title='bbox 1940 917 2065 976; x_wconf 78' lang='lat' dir='ltr'><strong>nature</strong></span> <span class='ocrx_word' id='word_1_63' title='bbox 2081 901 2158 972; x_wconf 88' lang='lat' dir='ltr'><strong>miti</strong></span> <span class='ocrx_word' id='word_1_64' title='bbox 2173 898 2353 990; x_wconf 83' lang='lat' dir='ltr'><strong>ingenio,</strong></span> 
     </span>
     <span class='ocr_line' id='line_1_8' title="bbox 288 1000 2350 1126; baseline -0.023 -10"><span class='ocrx_word' id='word_1_65' title='bbox 288 1047 444 1122; x_wconf 76' lang='lat' dir='ltr'><strong>littorum</strong></span> <span class='ocrx_word' id='word_1_66' title='bbox 465 1039 504 1107; x_wconf 88' lang='lat' dir='ltr'><strong>iu</strong></span> <span class='ocrx_word' id='word_1_67' title='bbox 517 1030 691 1126; x_wconf 80' lang='lat' dir='ltr'><strong>Epistolis</strong></span> <span class='ocrx_word' id='word_1_68' title='bbox 709 1029 755 1098; x_wconf 87' lang='lat' dir='ltr'><strong>de</strong></span> <span class='ocrx_word' id='word_1_69' title='bbox 778 1023 1029 1096; x_wconf 89' lang='lat' dir='ltr'><strong>lustilicatione</strong></span> <span class='ocrx_word' id='word_1_70' title='bbox 1052 1015 1202 1109; x_wconf 89' lang='lat' dir='ltr'><strong>gratuita</strong></span> <span class='ocrx_word' id='word_1_71' title='bbox 1225 1037 1285 1084; x_wconf 87' lang='lat' dir='ltr'><strong>so·</strong></span> <span class='ocrx_word' id='word_1_72' title='bbox 1336 1013 1517 1084; x_wconf 85' lang='lat' dir='ltr'><strong>studiosus</strong></span> <span class='ocrx_word' id='word_1_73' title='bbox 1535 1012 1649 1104; x_wconf 84' lang='lat' dir='ltr'><strong>pacis,</strong></span> <span class='ocrx_word' id='word_1_74' title='bbox 1664 1025 1706 1084; x_wconf 86' lang='lat' dir='ltr'><strong>-et</strong></span> <span class='ocrx_word' id='word_1_75' title='bbox 1722 1010 1950 1094; x_wconf 80' lang='lat' dir='ltr'><strong>concordiae,</strong></span> <span class='ocrx_word' id='word_1_76' title='bbox 1976 1029 2101 1078; x_wconf 86' lang='lat' dir='ltr'><strong>amans</strong></span> <span class='ocrx_word' id='word_1_77' title='bbox 2120 1000 2350 1096; x_wconf 86' lang='lat' dir='ltr'><strong>tranquilli·</strong></span> 
     </span>
     <span class='ocr_line' id='line_1_9' title="bbox 290 1104 2351 1218; baseline -0.028 0"><span class='ocrx_word' id='word_1_78' title='bbox 290 1149 361 1218; x_wconf 92' lang='lat' dir='ltr'><strong>lius</strong></span> <span class='ocrx_word' id='word_1_79' title='bbox 378 1129 460 1214; x_wconf 85' lang='lat' dir='ltr'><strong>lidei</strong></span> <span class='ocrx_word' id='word_1_80' title='bbox 482 1163 526 1209; x_wconf 80' lang='lat' dir='ltr'><strong>ex</strong></span> <span class='ocrx_word' id='word_1_81' title='bbox 550 1128 794 1205; x_wconf 82' lang='lat' dir='ltr'><strong>misericordia</strong></span> <span class='ocrx_word' id='word_1_82' title='bbox 818 1126 906 1208; x_wconf 88' lang='lat' dir='ltr'><strong>Dei,</strong></span> <span class='ocrx_word' id='word_1_83' title='bbox 933 1136 1078 1216; x_wconf 85' lang='lat' dir='ltr'><strong>propter</strong></span> <span class='ocrx_word' id='word_1_84' title='bbox 1101 1118 1226 1188; x_wconf 90' lang='lat' dir='ltr'><strong>merita</strong></span> <span class='ocrx_word' id='word_1_85' title='bbox 1245 1116 1284 1184; x_wconf 87' lang='lat' dir='ltr'><strong>in</strong></span> <span class='ocrx_word' id='word_1_86' title='bbox 1337 1117 1438 1202; x_wconf 89' lang='lat' dir='ltr'><strong>tatis,</strong></span> <span class='ocrx_word' id='word_1_87' title='bbox 1461 1109 1651 1186; x_wconf 86' lang='lat' dir='ltr'><strong>abhorruit</strong></span> <span class='ocrx_word' id='word_1_88' title='bbox 1671 1115 1717 1184; x_wconf 90' lang='lat' dir='ltr'><strong>ab</strong></span> <span class='ocrx_word' id='word_1_89' title='bbox 1740 1112 1909 1184; x_wconf 73' lang='lat' dir='ltr'><strong>omnibus</strong></span> <span class='ocrx_word' id='word_1_90' title='bbox 1931 1109 2107 1182; x_wconf 63' lang='lat' dir='ltr'><strong>seditiosis</strong></span> <span class='ocrx_word' id='word_1_91' title='bbox 2121 1119 2155 1176; x_wconf 72' lang='lat' dir='ltr'><strong>et</strong></span> <span class='ocrx_word' id='word_1_92' title='bbox 2171 1104 2351 1176; x_wconf 66' lang='lat' dir='ltr'><strong>tribuni.</strong></span> 
     </span>
     <span class='ocr_line' id='line_1_10' title="bbox 291 1205 2349 1332; baseline -0.022 -11"><span class='ocrx_word' id='word_1_93' title='bbox 291 1244 493 1328; x_wconf 83' lang='lat' dir='ltr'><strong>Christum,</strong></span> <span class='ocrx_word' id='word_1_94' title='bbox 515 1237 653 1332; x_wconf 86' lang='lat' dir='ltr'><strong>Spiritu</strong></span> <span class='ocrx_word' id='word_1_95' title='bbox 668 1246 788 1304; x_wconf 89' lang='lat' dir='ltr'><strong>sancto</strong></span> <span class='ocrx_word' id='word_1_96' title='bbox 802 1229 957 1300; x_wconf 88' lang='lat' dir='ltr'><strong>Doctore</strong></span> <span class='ocrx_word' id='word_1_97' title='bbox 970 1225 1109 1318; x_wconf 91' lang='lat' dir='ltr'><strong>primus</strong></span> <span class='ocrx_word' id='word_1_98' title='bbox 1121 1220 1285 1292; x_wconf 84' lang='lat' dir='ltr'><strong>animad-</strong></span> <span class='ocrx_word' id='word_1_99' title='bbox 1335 1219 1399 1289; x_wconf 86' lang='lat' dir='ltr'><strong>tiis</strong></span> <span class='ocrx_word' id='word_1_100' title='bbox 1418 1217 1596 1302; x_wconf 86' lang='lat' dir='ltr'><strong>consiliis,</strong></span> <span class='ocrx_word' id='word_1_101' title='bbox 1628 1218 1848 1300; x_wconf 87' lang='lat' dir='ltr'><strong>moderatus,</strong></span> <span class='ocrx_word' id='word_1_102' title='bbox 1876 1228 1911 1285; x_wconf 92' lang='lat' dir='ltr'><strong>et</strong></span> <span class='ocrx_word' id='word_1_103' title='bbox 1933 1238 2016 1284; x_wconf 88' lang='lat' dir='ltr'><strong>vere</strong></span> <span class='ocrx_word' id='word_1_104' title='bbox 2035 1205 2186 1304; x_wconf 73' lang='grc' dir='ltr'><strong><em>ἠθικος,</em></strong></span> <span class='ocrx_word' id='word_1_105' title='bbox 2209 1221 2349 1298; x_wconf 75' lang='lat' dir='ltr'><strong>gratus</strong></span> 
     </span>
     <span class='ocr_line' id='line_1_11' title="bbox 290 1309 2350 1434; baseline -0.024 -12"><span class='ocrx_word' id='word_1_106' title='bbox 290 1349 416 1434; x_wconf 75' lang='lat' dir='ltr'><strong>vertit,</strong></span> <span class='ocrx_word' id='word_1_107' title='bbox 441 1359 477 1416; x_wconf 92' lang='lat' dir='ltr'><strong>et</strong></span> <span class='ocrx_word' id='word_1_108' title='bbox 492 1339 670 1412; x_wconf 76' lang='lat' dir='ltr'><strong>Ecclesiae</strong></span> <span class='ocrx_word' id='word_1_109' title='bbox 686 1331 908 1404; x_wconf 86' lang='lat' dir='ltr'><strong>monstravit.</strong></span> <span class='ocrx_word' id='word_1_110' title='bbox 961 1327 1071 1416; x_wconf 88' lang='lat' dir='ltr'><strong>Quod</strong></span> <span class='ocrx_word' id='word_1_111' title='bbox 1087 1325 1197 1415; x_wconf 86' lang='lat' dir='ltr'><strong>igitur</strong></span> <span class='ocrx_word' id='word_1_112' title='bbox 1213 1320 1287 1390; x_wconf 86' lang='lat' dir='ltr'><strong>usi·</strong></span> <span class='ocrx_word' id='word_1_113' title='bbox 1336 1321 1524 1405; x_wconf 88' lang='lat' dir='ltr'><strong>omnibus,</strong></span> <span class='ocrx_word' id='word_1_114' title='bbox 1560 1333 1600 1390; x_wconf 92' lang='lat' dir='ltr'><strong>ut</strong></span> <span class='ocrx_word' id='word_1_115' title='bbox 1632 1320 1783 1404; x_wconf 85' lang='lat' dir='ltr'><strong>scimus,</strong></span> <span class='ocrx_word' id='word_1_116' title='bbox 1819 1331 1855 1389; x_wconf 91' lang='lat' dir='ltr'><strong>et</strong></span> <span class='ocrx_word' id='word_1_117' title='bbox 1888 1316 1928 1386; x_wconf 89' lang='lat' dir='ltr'><strong>in</strong></span> <span class='ocrx_word' id='word_1_118' title='bbox 1961 1338 2100 1388; x_wconf 78' lang='lat' dir='ltr'><strong>summa</strong></span> <span class='ocrx_word' id='word_1_119' title='bbox 2131 1309 2350 1382; x_wconf 70' lang='lat' dir='ltr'><strong>autoritate.</strong></span> 
     </span>
     <span class='ocr_line' id='line_1_12' title="bbox 215 1418 2351 1526; baseline -0.022 2"><span class='ocrx_word' id='word_1_120' title='bbox 215 1463 217 1467; x_wconf 78' lang='grc'><strong>’</strong></span> <span class='ocrx_word' id='word_1_121' title='bbox 291 1466 366 1526; x_wconf 83' lang='lat' dir='ltr'><strong>tata</strong></span> <span class='ocrx_word' id='word_1_122' title='bbox 388 1443 702 1522; x_wconf 86' lang='lat' dir='ltr'><strong>scholasticorum,</strong></span> <span class='ocrx_word' id='word_1_123' title='bbox 734 1449 770 1507; x_wconf 91' lang='lat' dir='ltr'><strong>et</strong></span> <span class='ocrx_word' id='word_1_124' title='bbox 785 1427 1049 1504; x_wconf 88' lang='lat' dir='ltr'><strong>Monachorum</strong></span> <span class='ocrx_word' id='word_1_125' title='bbox 1071 1427 1198 1497; x_wconf 88' lang='lat' dir='ltr'><strong>deliria</strong></span> <span class='ocrx_word' id='word_1_126' title='bbox 1223 1448 1287 1516; x_wconf 87' lang='lat' dir='ltr'><strong>po·</strong></span> <span class='ocrx_word' id='word_1_127' title='bbox 1335 1422 1496 1517; x_wconf 78' lang='lat' dir='ltr'><strong>ideoque</strong></span> <span class='ocrx_word' id='word_1_128' title='bbox 1510 1423 1613 1520; x_wconf 82' lang='lat' dir='ltr'><strong>facile</strong></span> <span class='ocrx_word' id='word_1_129' title='bbox 1628 1422 1659 1491; x_wconf 90' lang='lat' dir='ltr'><strong>si</strong></span> <span class='ocrx_word' id='word_1_130' title='bbox 1674 1422 1855 1501; x_wconf 88' lang='lat' dir='ltr'><strong>voluisset,</strong></span> <span class='ocrx_word' id='word_1_131' title='bbox 1881 1418 1921 1488; x_wconf 82' lang='lat' dir='ltr'><strong>ie</strong></span> <span class='ocrx_word' id='word_1_132' title='bbox 1937 1432 2014 1490; x_wconf 88' lang='lat' dir='ltr'><strong>tuto</strong></span> <span class='ocrx_word' id='word_1_133' title='bbox 2031 1439 2105 1488; x_wconf 84' lang='lat' dir='ltr'><strong>esse</strong></span> <span class='ocrx_word' id='word_1_134' title='bbox 2121 1425 2277 1506; x_wconf 75' lang='lat' dir='ltr'><strong>poterat,</strong></span> <span class='ocrx_word' id='word_1_135' title='bbox 2309 1425 2351 1482; x_wconf 85' lang='lat' dir='ltr'><strong>et</strong></span> 
     </span>
     <span class='ocr_line' id='line_1_13' title="bbox 292 1516 2349 1642; baseline -0.021 -16"><span class='ocrx_word' id='word_1_136' title='bbox 292 1557 387 1638; x_wconf 90' lang='lat' dir='ltr'><strong>tius,</strong></span> <span class='ocrx_word' id='word_1_137' title='bbox 412 1564 517 1642; x_wconf 89' lang='lat' dir='ltr'><strong>atque</strong></span> <span class='ocrx_word' id='word_1_138' title='bbox 534 1553 750 1623; x_wconf 86' lang='lat' dir='ltr'><strong>commenta,</strong></span> <span class='ocrx_word' id='word_1_139' title='bbox 777 1561 883 1630; x_wconf 88' lang='lat' dir='ltr'><strong>quam</strong></span> <span class='ocrx_word' id='word_1_140' title='bbox 898 1534 981 1604; x_wconf 88' lang='lat' dir='ltr'><strong>fidei</strong></span> <span class='ocrx_word' id='word_1_141' title='bbox 1000 1535 1165 1620; x_wconf 87' lang='lat' dir='ltr'><strong>dogmata</strong></span> <span class='ocrx_word' id='word_1_142' title='bbox 1181 1549 1288 1617; x_wconf 88' lang='lat' dir='ltr'><strong>repu·</strong></span> <span class='ocrx_word' id='word_1_143' title='bbox 1341 1527 1419 1596; x_wconf 88' lang='lat' dir='ltr'><strong>ocio</strong></span> <span class='ocrx_word' id='word_1_144' title='bbox 1441 1525 1595 1595; x_wconf 87' lang='lat' dir='ltr'><strong>studere.</strong></span> <span class='ocrx_word' id='word_1_145' title='bbox 1646 1522 1719 1596; x_wconf 89' lang='lat' dir='ltr'><strong>Nec</strong></span> <span class='ocrx_word' id='word_1_146' title='bbox 1743 1519 1864 1594; x_wconf 86' lang='lat' dir='ltr'><strong>deerat</strong></span> <span class='ocrx_word' id='word_1_147' title='bbox 1889 1544 2040 1592; x_wconf 79' lang='lat' dir='ltr'><strong>acumen</strong></span> <span class='ocrx_word' id='word_1_148' title='bbox 2068 1516 2227 1608; x_wconf 87' lang='lat' dir='ltr'><strong>ingenii,</strong></span> <span class='ocrx_word' id='word_1_149' title='bbox 2263 1535 2349 1584; x_wconf 85' lang='lat' dir='ltr'><strong>non</strong></span> 
     </span>
     <span class='ocr_line' id='line_1_14' title="bbox 296 1620 2350 1738; baseline -0.021 -10"><span class='ocrx_word' id='word_1_150' title='bbox 296 1655 430 1734; x_wconf 89' lang='lat' dir='ltr'><strong>diavit,</strong></span> <span class='ocrx_word' id='word_1_151' title='bbox 455 1673 530 1719; x_wconf 90' lang='lat' dir='ltr'><strong>non</strong></span> <span class='ocrx_word' id='word_1_152' title='bbox 551 1643 681 1738; x_wconf 91' lang='lat' dir='ltr'><strong>puerili</strong></span> <span class='ocrx_word' id='word_1_153' title='bbox 697 1641 856 1722; x_wconf 86' lang='lat' dir='ltr'><strong>levitate,</strong></span> <span class='ocrx_word' id='word_1_154' title='bbox 880 1633 1113 1725; x_wconf 85' lang='lat' dir='ltr'><strong>incogitantia</strong></span> <span class='ocrx_word' id='word_1_155' title='bbox 1128 1644 1164 1701; x_wconf 90' lang='lat' dir='ltr'><strong>ct</strong></span> <span class='ocrx_word' id='word_1_156' title='bbox 1177 1643 1289 1700; x_wconf 88' lang='lat' dir='ltr'><strong>teme-</strong></span> <span class='ocrx_word' id='word_1_157' title='bbox 1343 1627 1518 1712; x_wconf 90' lang='lat' dir='ltr'><strong>eruditio,</strong></span> <span class='ocrx_word' id='word_1_158' title='bbox 1544 1641 1584 1697; x_wconf 92' lang='lat' dir='ltr'><strong>ut</strong></span> <span class='ocrx_word' id='word_1_159' title='bbox 1604 1625 1884 1717; x_wconf 87' lang='lat' dir='ltr'><strong>facile&#39;potuerit</strong></span> <span class='ocrx_word' id='word_1_160' title='bbox 1904 1622 2177 1694; x_wconf 84' lang='lat' dir='ltr'><strong>conciliationes</strong></span> <span class='ocrx_word' id='word_1_161' title='bbox 2190 1620 2350 1709; x_wconf 83' lang='lat' dir='ltr'><strong>dogma-</strong></span> 
     </span>
     <span class='ocr_line' id='line_1_15' title="bbox 292 1722 2349 1830; baseline -0.018 -1"><span class='ocrx_word' id='word_1_162' title='bbox 292 1759 401 1830; x_wconf 78' lang='lat' dir='ltr'><strong>ritate</strong></span> <span class='ocrx_word' id='word_1_163' title='bbox 419 1753 629 1824; x_wconf 80' lang='lat' dir='ltr'><strong>factumest.</strong></span> <span class='ocrx_word' id='word_1_164' title='bbox 680 1737 920 1813; x_wconf 84' lang='lat' dir='ltr'><strong>NecLutlteri</strong></span> <span class='ocrx_word' id='word_1_165' title='bbox 943 1738 1128 1818; x_wconf 90' lang='lat' dir='ltr'><strong>societate,</strong></span> <span class='ocrx_word' id='word_1_166' title='bbox 1151 1731 1210 1801; x_wconf 84' lang='lat' dir='ltr'><strong>vel</strong></span> <span class='ocrx_word' id='word_1_167' title='bbox 1226 1755 1290 1800; x_wconf 85' lang='lat' dir='ltr'><strong>au·</strong></span> <span class='ocrx_word' id='word_1_168' title='bbox 1342 1743 1420 1802; x_wconf 91' lang='lat' dir='ltr'><strong>tum</strong></span> <span class='ocrx_word' id='word_1_169' title='bbox 1449 1731 1584 1800; x_wconf 87' lang='lat' dir='ltr'><strong>fucatas</strong></span> <span class='ocrx_word' id='word_1_170' title='bbox 1612 1729 1815 1813; x_wconf 84' lang='lat' dir='ltr'><strong>instituere,</strong></span> <span class='ocrx_word' id='word_1_171' title='bbox 1847 1727 2057 1820; x_wconf 84' lang='lat' dir='ltr'><strong>flexiloqua,</strong></span> <span class='ocrx_word' id='word_1_172' title='bbox 2092 1722 2276 1810; x_wconf 90' lang='lat' dir='ltr'><strong>ambigua,</strong></span> <span class='ocrx_word' id='word_1_173' title='bbox 2307 1734 2349 1791; x_wconf 88' lang='lat' dir='ltr'><strong>et</strong></span> 
     </span>
     <span class='ocr_line' id='line_1_16' title="bbox 296 1825 2349 1933; baseline -0.021 0"><span class='ocrx_word' id='word_1_174' title='bbox 296 1859 440 1933; x_wconf 82' lang='lat' dir='ltr'><strong>toritate</strong></span> <span class='ocrx_word' id='word_1_175' title='bbox 455 1865 573 1924; x_wconf 91' lang='lat' dir='ltr'><strong>motus</strong></span> <span class='ocrx_word' id='word_1_176' title='bbox 586 1849 622 1917; x_wconf 91' lang='lat' dir='ltr'><strong>id</strong></span> <span class='ocrx_word' id='word_1_177' title='bbox 638 1845 732 1918; x_wconf 83' lang='lat' dir='ltr'><strong>lecit.</strong></span> <span class='ocrx_word' id='word_1_178' title='bbox 784 1841 880 1913; x_wconf 89' lang='lat' dir='ltr'><strong>Dum</strong></span> <span class='ocrx_word' id='word_1_179' title='bbox 898 1839 992 1910; x_wconf 90' lang='lat' dir='ltr'><strong>enim</strong></span> <span class='ocrx_word' id='word_1_180' title='bbox 1015 1825 1074 1908; x_wconf 90' lang='lat' dir='ltr'><strong>hic</strong></span> <span class='ocrx_word' id='word_1_181' title='bbox 1096 1837 1289 1908; x_wconf 83' lang='lat' dir='ltr'><strong>etiamnum</strong></span> <span class='ocrx_word' id='word_1_182' title='bbox 1343 1831 1487 1928; x_wconf 81' lang='lat' dir='ltr'><strong>quaein</strong></span> <span class='ocrx_word' id='word_1_183' title='bbox 1504 1845 1693 1924; x_wconf 85' lang='lat' dir='ltr'><strong>utramque</strong></span> <span class='ocrx_word' id='word_1_184' title='bbox 1712 1844 1850 1923; x_wconf 89' lang='lat' dir='ltr'><strong>partem</strong></span> <span class='ocrx_word' id='word_1_185' title='bbox 1867 1827 2071 1922; x_wconf 82' lang='lat' dir='ltr'><strong>detorqueri</strong></span> <span class='ocrx_word' id='word_1_186' title='bbox 2085 1838 2248 1919; x_wconf 83' lang='lat' dir='ltr'><strong>possent,</strong></span> <span class='ocrx_word' id='word_1_187' title='bbox 2275 1847 2349 1890; x_wconf 82' lang='lat' dir='ltr'><strong>vo-</strong></span> 
     </span>
     <span class='ocr_line' id='line_1_17' title="bbox 293 1926 2351 2044; baseline -0.02 -10"><span class='ocrx_word' id='word_1_188' title='bbox 293 1963 452 2044; x_wconf 75' lang='lat' dir='ltr'><strong>viveret,</strong></span> <span class='ocrx_word' id='word_1_189' title='bbox 476 1953 641 2035; x_wconf 85' lang='lat' dir='ltr'><strong>inutiles,</strong></span> <span class='ocrx_word' id='word_1_190' title='bbox 672 1947 856 2040; x_wconf 84' lang='lat' dir='ltr'><strong>spinosas,</strong></span> <span class='ocrx_word' id='word_1_191' title='bbox 890 1943 1092 2020; x_wconf 80' lang='lat' dir='ltr'><strong>intricatas,</strong></span> <span class='ocrx_word' id='word_1_192' title='bbox 1118 1953 1154 2010; x_wconf 88' lang='lat' dir='ltr'><strong>et</strong></span> <span class='ocrx_word' id='word_1_193' title='bbox 1177 1935 1291 2006; x_wconf 83' lang='lat' dir='ltr'><strong>frivo·</strong></span> <span class='ocrx_word' id='word_1_194' title='bbox 1344 1934 1469 2006; x_wconf 89' lang='lat' dir='ltr'><strong>cabula</strong></span> <span class='ocrx_word' id='word_1_195' title='bbox 1495 1934 1702 2024; x_wconf 78' lang='lat' dir='ltr'><strong>excogitare.</strong></span> <span class='ocrx_word' id='word_1_196' title='bbox 1760 1932 1833 2005; x_wconf 88' lang='lat' dir='ltr'><strong>Sed</strong></span> <span class='ocrx_word' id='word_1_197' title='bbox 1863 1933 1934 2004; x_wconf 86' lang='lat' dir='ltr'><strong>luit</strong></span> <span class='ocrx_word' id='word_1_198' title='bbox 1956 1944 2141 2010; x_wconf 85' lang='lat' dir='ltr'><strong>constans,</strong></span> <span class='ocrx_word' id='word_1_199' title='bbox 2174 1950 2242 2019; x_wconf 80' lang='lat' dir='ltr'><strong>nec</strong></span> <span class='ocrx_word' id='word_1_200' title='bbox 2269 1926 2351 1996; x_wconf 87' lang='lat' dir='ltr'><strong>suis</strong></span> 
     </span>
     <span class='ocr_line' id='line_1_18' title="bbox 298 2029 2351 2140; baseline -0.02 -3"><span class='ocrx_word' id='word_1_201' title='bbox 298 2067 351 2136; x_wconf 88' lang='lat' dir='ltr'><strong>las</strong></span> <span class='ocrx_word' id='word_1_202' title='bbox 383 2055 678 2134; x_wconf 82' lang='lat' dir='ltr'><strong>scholasticorum</strong></span> <span class='ocrx_word' id='word_1_203' title='bbox 705 2047 917 2140; x_wconf 83' lang='lat' dir='ltr'><strong>opiniones,</strong></span> <span class='ocrx_word' id='word_1_204' title='bbox 956 2057 991 2114; x_wconf 91' lang='lat' dir='ltr'><strong>et</strong></span> <span class='ocrx_word' id='word_1_205' title='bbox 1024 2039 1292 2134; x_wconf 81' lang='lat' dir='ltr'><strong>disputationes,</strong></span> <span class='ocrx_word' id='word_1_206' title='bbox 1340 2035 1542 2108; x_wconf 83' lang='lat' dir='ltr'><strong>commodis</strong></span> <span class='ocrx_word' id='word_1_207' title='bbox 1565 2049 1797 2129; x_wconf 87' lang='lat' dir='ltr'><strong>attemperare</strong></span> <span class='ocrx_word' id='word_1_208' title='bbox 1820 2031 2047 2124; x_wconf 85' lang='lat' dir='ltr'><strong>religionem,</strong></span> <span class='ocrx_word' id='word_1_209' title='bbox 2070 2055 2137 2102; x_wconf 83' lang='lat' dir='ltr'><strong>nec</strong></span> <span class='ocrx_word' id='word_1_210' title='bbox 2155 2029 2351 2102; x_wconf 85' lang='lat' dir='ltr'><strong>doctrinae</strong></span> 
     </span>
     <span class='ocr_line' id='line_1_19' title="bbox 300 2130 2352 2257; baseline -0.019 -18"><span class='ocrx_word' id='word_1_211' title='bbox 300 2160 460 2257; x_wconf 84' lang='lat' dir='ltr'><strong>adeoque</strong></span> <span class='ocrx_word' id='word_1_212' title='bbox 481 2173 597 2230; x_wconf 90' lang='lat' dir='ltr'><strong>totum</strong></span> <span class='ocrx_word' id='word_1_213' title='bbox 618 2151 710 2220; x_wconf 92' lang='lat' dir='ltr'><strong>illud</strong></span> <span class='ocrx_word' id='word_1_214' title='bbox 732 2148 926 2220; x_wconf 87' lang='lat' dir='ltr'><strong>doctrinae</strong></span> <span class='ocrx_word' id='word_1_215' title='bbox 939 2169 1074 2238; x_wconf 89' lang='lat' dir='ltr'><strong>genus,</strong></span> <span class='ocrx_word' id='word_1_216' title='bbox 1106 2143 1204 2238; x_wconf 92' lang='lat' dir='ltr'><strong>quod</strong></span> <span class='ocrx_word' id='word_1_217' title='bbox 1228 2161 1293 2208; x_wconf 87' lang='lat' dir='ltr'><strong>ne·</strong></span> <span class='ocrx_word' id='word_1_218' title='bbox 1342 2163 1473 2230; x_wconf 84' lang='lat' dir='ltr'><strong>genus,</strong></span> <span class='ocrx_word' id='word_1_219' title='bbox 1500 2142 1598 2232; x_wconf 89' lang='lat' dir='ltr'><strong>quod</strong></span> <span class='ocrx_word' id='word_1_220' title='bbox 1616 2130 1763 2212; x_wconf 79' lang='lat' dir='ltr'><strong>noverat</strong></span> <span class='ocrx_word' id='word_1_221' title='bbox 1779 2161 1861 2208; x_wconf 90' lang='lat' dir='ltr'><strong>cum</strong></span> <span class='ocrx_word' id='word_1_222' title='bbox 1876 2161 1973 2208; x_wconf 84' lang='lat' dir='ltr'><strong>sacra</strong></span> <span class='ocrx_word' id='word_1_223' title='bbox 1989 2135 2167 2228; x_wconf 85' lang='lat' dir='ltr'><strong>scriptura</strong></span> <span class='ocrx_word' id='word_1_224' title='bbox 2187 2154 2352 2204; x_wconf 85' lang='lat' dir='ltr'><strong>consen-</strong></span> 
     </span>
     <span class='ocr_line' id='line_1_20' title="bbox 300 2231 2349 2359; baseline -0.018 -21"><span class='ocrx_word' id='word_1_225' title='bbox 300 2269 412 2359; x_wconf 87' lang='lat' dir='ltr'><strong>&#39;glecta</strong></span> <span class='ocrx_word' id='word_1_226' title='bbox 437 2251 894 2344; x_wconf 75' lang='lat' dir='ltr'><strong>sacrosanctaescrlpturae</strong></span> <span class='ocrx_word' id='word_1_227' title='bbox 918 2247 1127 2329; x_wconf 83' lang='lat' dir='ltr'><strong>autoritate,</strong></span> <span class='ocrx_word' id='word_1_228' title='bbox 1152 2239 1294 2313; x_wconf 84' lang='lat' dir='ltr'><strong>Aristo·</strong></span> <span class='ocrx_word' id='word_1_229' title='bbox 1342 2243 1433 2324; x_wconf 84' lang='lat' dir='ltr'><strong>tire,</strong></span> <span class='ocrx_word' id='word_1_230' title='bbox 1470 2255 1625 2321; x_wconf 89' lang='lat' dir='ltr'><strong>mutare,</strong></span> <span class='ocrx_word' id='word_1_231' title='bbox 1659 2255 1722 2313; x_wconf 87' lang='lat' dir='ltr'><strong>aut</strong></span> <span class='ocrx_word' id='word_1_232' title='bbox 1748 2241 1967 2312; x_wconf 88' lang='lat' dir='ltr'><strong>colludendo</strong></span> <span class='ocrx_word' id='word_1_233' title='bbox 1994 2261 2075 2308; x_wconf 89' lang='lat' dir='ltr'><strong>cum</strong></span> <span class='ocrx_word' id='word_1_234' title='bbox 2102 2231 2349 2313; x_wconf 75' lang='lat' dir='ltr'><strong>Adversariis,</strong></span> 
     </span>
     <span class='ocr_line' id='line_1_21' title="bbox 301 2343 1639 2445; baseline -0.02 -5"><span class='ocrx_word' id='word_1_235' title='bbox 301 2369 407 2440; x_wconf 88' lang='lat' dir='ltr'><strong>telem</strong></span> <span class='ocrx_word' id='word_1_236' title='bbox 425 2379 506 2434; x_wconf 86' lang='lat' dir='ltr'><strong>cum</strong></span> <span class='ocrx_word' id='word_1_237' title='bbox 521 2353 719 2445; x_wconf 86' lang='lat' dir='ltr'><strong>Theologia</strong></span> <span class='ocrx_word' id='word_1_238' title='bbox 735 2351 942 2432; x_wconf 76' lang='lat' dir='ltr'><strong>contundit,</strong></span> <span class='ocrx_word' id='word_1_239' title='bbox 962 2363 1003 2420; x_wconf 77' lang='lat' dir='ltr'><strong>&#39;et</strong></span> <span class='ocrx_word' id='word_1_240' title='bbox 1014 2369 1058 2418; x_wconf 70' lang='lat' dir='ltr'><strong>‘ex</strong></span> <span class='ocrx_word' id='word_1_241' title='bbox 1075 2347 1216 2418; x_wconf 89' lang='lat' dir='ltr'><strong>duobus</strong></span> <span class='ocrx_word' id='word_1_242' title='bbox 1235 2343 1294 2412; x_wconf 90' lang='lat' dir='ltr'><strong>in·</strong></span> <span class='ocrx_word' id='word_1_243' title='bbox 1346 2347 1498 2438; x_wconf 87' lang='lat' dir='ltr'><strong>prodere</strong></span> <span class='ocrx_word' id='word_1_244' title='bbox 1514 2345 1639 2420; x_wconf 85' lang='lat' dir='ltr'><strong>voluit.</strong></span> 
     </span>
     <span class='ocr_line' id='line_1_22' title="bbox 295 2444 1295 2560; baseline -0.032 -17"><span class='ocrx_word' id='word_1_245' title='bbox 295 2470 410 2560; x_wconf 83' lang='lat' dir='ltr'><strong>te‘gris</strong></span> <span class='ocrx_word' id='word_1_246' title='bbox 433 2485 547 2536; x_wconf 91' lang='lat' dir='ltr'><strong>unum</strong></span> <span class='ocrx_word' id='word_1_247' title='bbox 573 2471 780 2550; x_wconf 87' lang='lat' dir='ltr'><strong>corruptum</strong></span> <span class='ocrx_word' id='word_1_248' title='bbox 799 2453 904 2535; x_wconf 73' lang='lat' dir='ltr'><strong>facit,</strong></span> <span class='ocrx_word' id='word_1_249' title='bbox 939 2451 1148 2524; x_wconf 81' lang='lat' dir='ltr'><strong>traditiones</strong></span> <span class='ocrx_word' id='word_1_250' title='bbox 1176 2444 1295 2519; x_wconf 89' lang='lat' dir='ltr'><strong>homi-</strong></span> 
     </span>
     <span class='ocr_line' id='line_1_23' title="bbox 301 2545 2352 2656; baseline -0.02 -14"><span class='ocrx_word' id='word_1_251' title='bbox 301 2597 391 2644; x_wconf 89' lang='lat' dir='ltr'><strong>num</strong></span> <span class='ocrx_word' id='word_1_252' title='bbox 413 2589 490 2639; x_wconf 88' lang='lat' dir='ltr'><strong>non</strong></span> <span class='ocrx_word' id='word_1_253' title='bbox 504 2564 675 2656; x_wconf 79' lang='lat' dir='ltr'><strong>scriptas,</strong></span> <span class='ocrx_word' id='word_1_254' title='bbox 700 2562 839 2629; x_wconf 85' lang='lat' dir='ltr'><strong>decreta</strong></span> <span class='ocrx_word' id='word_1_255' title='bbox 865 2555 1092 2649; x_wconf 85' lang='lat' dir='ltr'><strong>pontificum,</strong></span> <span class='ocrx_word' id='word_1_256' title='bbox 1117 2563 1150 2621; x_wconf 93' lang='lat' dir='ltr'><strong>et</strong></span> <span class='ocrx_word' id='word_1_257' title='bbox 1176 2546 1296 2618; x_wconf 82' lang='lat' dir='ltr'><strong>eonci—</strong></span> <span class='ocrx_word' id='word_1_258' title='bbox 1445 2550 1651 2622; x_wconf 73' lang='lat' dir='ltr'><strong>Hocunum</strong></span> <span class='ocrx_word' id='word_1_259' title='bbox 1667 2551 1705 2618; x_wconf 80' lang='lat' dir='ltr'><strong>in</strong></span> <span class='ocrx_word' id='word_1_260' title='bbox 1722 2545 1905 2634; x_wconf 72' lang='lat' dir='ltr'><strong>Erasmo,</strong></span> <span class='ocrx_word' id='word_1_261' title='bbox 1931 2571 2037 2642; x_wconf 64' lang='lat' dir='ltr'><strong>quam</strong></span> <span class='ocrx_word' id='word_1_262' title='bbox 2052 2547 2242 2638; x_wconf 64' lang='lat' dir='ltr'><strong>optimae</strong></span> <span class='ocrx_word' id='word_1_263' title='bbox 2258 2547 2352 2616; x_wconf 69' lang='lat'><em>1110..</em></span> 
     </span>
     <span class='ocr_line' id='line_1_24' title="bbox 297 2649 2353 2758; baseline -0.018 -12"><span class='ocrx_word' id='word_1_264' title='bbox 297 2671 452 2758; x_wconf 83' lang='lat' dir='ltr'><strong>liorutn,</strong></span> <span class='ocrx_word' id='word_1_265' title='bbox 483 2667 560 2740; x_wconf 89' lang='lat' dir='ltr'><strong>sine</strong></span> <span class='ocrx_word' id='word_1_266' title='bbox 573 2665 658 2736; x_wconf 88' lang='lat' dir='ltr'><strong>ullo</strong></span> <span class='ocrx_word' id='word_1_267' title='bbox 684 2659 889 2732; x_wconf 85' lang='lat' dir='ltr'><strong>discrimine</strong></span> <span class='ocrx_word' id='word_1_268' title='bbox 910 2659 1056 2748; x_wconf 86' lang='lat' dir='ltr'><strong>recipit,</strong></span> <span class='ocrx_word' id='word_1_269' title='bbox 1081 2649 1297 2724; x_wconf 81' lang='lat' dir='ltr'><strong>‘hominibus</strong></span> <span class='ocrx_word' id='word_1_270' title='bbox 1343 2656 1398 2728; x_wconf 72' lang='lat' dir='ltr'><strong>sis</strong></span> <span class='ocrx_word' id='word_1_271' title='bbox 1416 2654 1605 2738; x_wconf 74' lang='lat' dir='ltr'><strong>neritum,</strong></span> <span class='ocrx_word' id='word_1_272' title='bbox 1629 2651 1920 2742; x_wconf 74' lang='lat' dir='ltr'><strong>magnifaciebat,</strong></span> <span class='ocrx_word' id='word_1_273' title='bbox 1946 2651 2143 2721; x_wconf 87' lang='lat' dir='ltr'><strong>desiderare</strong></span> <span class='ocrx_word' id='word_1_274' title='bbox 2160 2669 2246 2718; x_wconf 88' lang='lat' dir='ltr'><strong>eum</strong></span> <span class='ocrx_word' id='word_1_275' title='bbox 2268 2669 2353 2718; x_wconf 76' lang='lat' dir='ltr'><strong>me.</strong></span> 
     </span>
     <span class='ocr_line' id='line_1_25' title="bbox 280 2751 2352 2870; baseline -0.028 -21"><span class='ocrx_word' id='word_1_276' title='bbox 280 2859 283 2864; x_wconf 22' lang='lat'>¹</span> <span class='ocrx_word' id='word_1_277' title='bbox 301 2774 517 2870; x_wconf 87' lang='lat' dir='ltr'><strong>praetoriam</strong></span> <span class='ocrx_word' id='word_1_278' title='bbox 547 2761 807 2859; x_wconf 87' lang='lat' dir='ltr'><strong>interpretandi</strong></span> <span class='ocrx_word' id='word_1_279' title='bbox 833 2761 1046 2853; x_wconf 86' lang='lat' dir='ltr'><strong>scripturam</strong></span> <span class='ocrx_word' id='word_1_280' title='bbox 1072 2755 1295 2827; x_wconf 89' lang='lat' dir='ltr'><strong>autoritatem</strong></span> <span class='ocrx_word' id='word_1_281' title='bbox 1350 2759 1458 2842; x_wconf 71' lang='lat' dir='ltr'><strong>mini,</strong></span> <span class='ocrx_word' id='word_1_282' title='bbox 1478 2758 1577 2851; x_wconf 44' lang='lat' dir='ltr'><strong>quodw</strong></span> <span class='ocrx_word' id='word_1_283' title='bbox 1594 2767 1668 2826; x_wconf 69' lang='lat'><strong>„011</strong></span> <span class='ocrx_word' id='word_1_284' title='bbox 1686 2768 1804 2846; x_wconf 52' lang='lat' dir='ltr'><strong>,pate</strong></span> <span class='ocrx_word' id='word_1_285' title='bbox 1821 2777 1922 2826; x_wconf 60' lang='lat' dir='ltr'><strong>,uam</strong></span> <span class='ocrx_word' id='word_1_286' title='bbox 1941 2753 2155 2824; x_wconf 54' lang='lat' dir='ltr'><strong>,effingam</strong></span> <span class='ocrx_word' id='word_1_287' title='bbox 2176 2751 2217 2819; x_wconf 62' lang='lat' dir='ltr'><strong>qn</strong></span> <span class='ocrx_word' id='word_1_288' title='bbox 2240 2773 2352 2821; x_wconf 53' lang='lat' dir='ltr'><strong>mus,</strong></span> 
     </span>
     <span class='ocr_line' id='line_1_26' title="bbox 301 2848 2354 2963; baseline -0.028 -11"><span class='ocrx_word' id='word_1_289' title='bbox 301 2877 448 2963; x_wconf 89' lang='lat' dir='ltr'><strong>tribuit,</strong></span> <span class='ocrx_word' id='word_1_290' title='bbox 479 2872 580 2945; x_wconf 84' lang='lat' dir='ltr'><strong>utid</strong></span> <span class='ocrx_word' id='word_1_291' title='bbox 602 2877 916 2956; x_wconf 80' lang='lat' dir='ltr'><strong>sonarecogatur,</strong></span> <span class='ocrx_word' id='word_1_292' title='bbox 950 2863 1047 2956; x_wconf 92' lang='lat' dir='ltr'><strong>quod</strong></span> <span class='ocrx_word' id='word_1_293' title='bbox 1072 2859 1139 2951; x_wconf 90' lang='lat' dir='ltr'><strong>ipsi</strong></span> <span class='ocrx_word' id='word_1_294' title='bbox 1160 2857 1299 2940; x_wconf 89' lang='lat' dir='ltr'><strong>volunt,</strong></span> <span class='ocrx_word' id='word_1_295' title='bbox 1351 2858 1844 2948; x_wconf 61' lang='lat' dir='ltr'><strong>attontruvmiisfeligfloni,</strong></span> <span class='ocrx_word' id='word_1_296' title='bbox 1859 2848 2002 2938; x_wconf 58' lang='lat' dir='ltr'><strong>(fimet,</strong></span> <span class='ocrx_word' id='word_1_297' title='bbox 2021 2856 2134 2927; x_wconf 60' lang='lat' dir='ltr'><strong>mu„</strong></span> <span class='ocrx_word' id='word_1_298' title='bbox 2144 2853 2354 2946; x_wconf 44' lang='lat' dir='ltr'><strong>periclitari</strong></span> 
     </span>
     <span class='ocr_line' id='line_1_27' title="bbox 304 2955 2354 3076; baseline -0.02 -10"><span class='ocrx_word' id='word_1_299' title='bbox 304 2980 408 3076; x_wconf 61' lang='lat' dir='ltr'><strong>quali</strong></span> <span class='ocrx_word' id='word_1_300' title='bbox 430 2989 578 3071; x_wconf 67' lang='lat' dir='ltr'><strong>Pmpier</strong></span> <span class='ocrx_word' id='word_1_301' title='bbox 602 2973 742 3054; x_wconf 71' lang='lat' dir='ltr'><strong>¹⁰⁰¹¹ms</strong></span> <span class='ocrx_word' id='word_1_302' title='bbox 771 2981 805 3036; x_wconf 64' lang='grc' dir='ltr'><strong>Εἴ</strong></span> <span class='ocrx_word' id='word_1_303' title='bbox 825 2967 973 3057; x_wconf 62' lang='lat' dir='ltr'><strong>gradum</strong></span> <span class='ocrx_word' id='word_1_304' title='bbox 991 2984 1108 3036; x_wconf 63' lang='grc' dir='ltr'><strong>θΐΐθΐθ</strong></span> <span class='ocrx_word' id='word_1_305' title='bbox 1126 2981 1201 3029; x_wconf 76' lang='lat' dir='ltr'><strong>1¹0n</strong></span> <span class='ocrx_word' id='word_1_306' title='bbox 1216 2979 1299 3050; x_wconf 70' lang='lat' dir='ltr'><strong>POS·</strong></span> <span class='ocrx_word' id='word_1_307' title='bbox 1350 2967 1396 3035; x_wconf 86' lang='lat' dir='ltr'><strong>de</strong></span> <span class='ocrx_word' id='word_1_308' title='bbox 1414 2964 1486 3034; x_wconf 85' lang='lat' dir='ltr'><strong>suis</strong></span> <span class='ocrx_word' id='word_1_309' title='bbox 1502 2961 1669 3046; x_wconf 74' lang='lat' dir='ltr'><strong>fortunis,</strong></span> <span class='ocrx_word' id='word_1_310' title='bbox 1696 2975 1729 3032; x_wconf 89' lang='lat' dir='ltr'><strong>et</strong></span> <span class='ocrx_word' id='word_1_311' title='bbox 1743 2960 2003 3031; x_wconf 81' lang='lat' dir='ltr'><strong>existimatione</strong></span> <span class='ocrx_word' id='word_1_312' title='bbox 2017 2958 2177 3028; x_wconf 87' lang='lat' dir='ltr'><strong>nominis</strong></span> <span class='ocrx_word' id='word_1_313' title='bbox 2188 2955 2260 3036; x_wconf 83' lang='lat' dir='ltr'><strong>sui,</strong></span> <span class='ocrx_word' id='word_1_314' title='bbox 2286 2980 2354 3026; x_wconf 88' lang='lat' dir='ltr'><strong>ne-</strong></span> 
     </span>
     <span class='ocr_line' id='line_1_28' title="bbox 302 3057 2355 3172; baseline -0.017 -9"><span class='ocrx_word' id='word_1_315' title='bbox 302 3085 386 3159; x_wconf 71' lang='lat' dir='ltr'><strong>sinl.</strong></span> <span class='ocrx_word' id='word_1_316' title='bbox 439 3078 518 3150; x_wconf 75' lang='lat' dir='ltr'><strong>Hoc</strong></span> <span class='ocrx_word' id='word_1_317' title='bbox 541 3077 687 3170; x_wconf 72' lang='lat' dir='ltr'><strong>inquam</strong></span> <span class='ocrx_word' id='word_1_318' title='bbox 701 3070 887 3172; x_wconf 80' lang='lat' dir='ltr'><strong>doctrinae</strong></span> <span class='ocrx_word' id='word_1_319' title='bbox 902 3089 1013 3160; x_wconf 85' lang='lat' dir='ltr'><strong>genus</strong></span> <span class='ocrx_word' id='word_1_320' title='bbox 1029 3077 1105 3136; x_wconf 80' lang='lat' dir='ltr'><strong>tum</strong></span> <span class='ocrx_word' id='word_1_321' title='bbox 1123 3060 1261 3134; x_wconf 86' lang='lat' dir='ltr'><strong>abiecit.</strong></span> <span class='ocrx_word' id='word_1_322' title='bbox 1351 3090 1420 3162; x_wconf 90' lang='lat' dir='ltr'><strong>que</strong></span> <span class='ocrx_word' id='word_1_323' title='bbox 1435 3065 1659 3135; x_wconf 84' lang='lat' dir='ltr'><strong>autoritatem</strong></span> <span class='ocrx_word' id='word_1_324' title='bbox 1677 3085 1788 3147; x_wconf 83' lang='lat' dir='ltr'><strong>snam,</strong></span> <span class='ocrx_word' id='word_1_325' title='bbox 1811 3087 1881 3156; x_wconf 90' lang='lat' dir='ltr'><strong>qua</strong></span> <span class='ocrx_word' id='word_1_326' title='bbox 1896 3065 1991 3154; x_wconf 91' lang='lat' dir='ltr'><strong>apud</strong></span> <span class='ocrx_word' id='word_1_327' title='bbox 2000 3059 2127 3151; x_wconf 81' lang='lat' dir='ltr'><strong>Reges,</strong></span> <span class='ocrx_word' id='word_1_328' title='bbox 2152 3057 2355 3152; x_wconf 82' lang='lat' dir='ltr'><strong>Principes,</strong></span> 
     </span>
     <span class='ocr_line' id='line_1_29' title="bbox 502 3161 2354 3281; baseline -0.016 -22"><span class='ocrx_word' id='word_1_329' title='bbox 502 3273 508 3281; x_wconf 28' lang='lat'><em>³</em></span> <span class='ocrx_word' id='word_1_330' title='bbox 684 3253 689 3266; x_wconf 81' lang='grc'><em>,</em></span> <span class='ocrx_word' id='word_1_331' title='bbox 821 3267 825 3272; x_wconf 27' lang='lat'>¹</span> <span class='ocrx_word' id='word_1_332' title='bbox 1109 3237 1113 3242; x_wconf 92' lang='lat'>.</span> <span class='ocrx_word' id='word_1_333' title='bbox 1351 3167 1577 3250; x_wconf 89' lang='lat' dir='ltr'><strong>Cardinales‚</strong></span> <span class='ocrx_word' id='word_1_334' title='bbox 1604 3161 1817 3257; x_wconf 81' lang='lat' dir='ltr'><strong>Episcopus,</strong></span> <span class='ocrx_word' id='word_1_335' title='bbox 1841 3161 2354 3253; x_wconf 86' lang='lat' dir='ltr'><strong>etomninoomnespolleret</strong></span> 
     </span>
     <span class='ocr_line' id='line_1_30' title="bbox 287 3259 2353 3386; baseline -0.019 -14"><span class='ocrx_word' id='word_1_336' title='bbox 287 3309 309 3352; x_wconf 62' lang='grc' dir='ltr'><strong>ἴ</strong></span> <span class='ocrx_word' id='word_1_337' title='bbox 363 3373 366 3386; x_wconf 56' lang='grc'>,</span> <span class='ocrx_word' id='word_1_338' title='bbox 406 3284 479 3356; x_wconf 68' lang='lat' dir='ltr'><strong>Sed</strong></span> <span class='ocrx_word' id='word_1_339' title='bbox 502 3279 693 3368; x_wconf 62' lang='lat' dir='ltr'><strong>diligffliffl&#39;</strong></span> <span class='ocrx_word' id='word_1_340' title='bbox 715 3271 855 3362; x_wconf 62' lang='grc' dir='ltr'><strong>θΰΐῐΡῑῙδ</strong></span> <span class='ocrx_word' id='word_1_341' title='bbox 879 3263 1117 3364; x_wconf 66' lang='lat' dir='ltr'><strong>Pfflpheticis,</strong></span> <span class='ocrx_word' id='word_1_342' title='bbox 1144 3281 1178 3338; x_wconf 74' lang='lat' dir='ltr'><strong>el</strong></span> <span class='ocrx_word' id='word_1_343' title='bbox 1200 3261 1300 3358; x_wconf 76' lang='lat' dir='ltr'><strong>Apo·</strong></span> <span class='ocrx_word' id='word_1_344' title='bbox 1335 3271 1567 3363; x_wconf 57' lang='lat' dir='ltr'><strong>‘&#39;pluri-um,</strong></span> <span class='ocrx_word' id='word_1_345' title='bbox 1592 3269 1844 3359; x_wconf 84' lang='lat' dir='ltr'><strong>interponeret,</strong></span> <span class='ocrx_word' id='word_1_346' title='bbox 1870 3292 1941 3361; x_wconf 91' lang='lat' dir='ltr'><strong>quo</strong></span> <span class='ocrx_word' id='word_1_347' title='bbox 1958 3263 2160 3357; x_wconf 83' lang='lat' dir='ltr'><strong>Religionis</strong></span> <span class='ocrx_word' id='word_1_348' title='bbox 2170 3278 2208 3335; x_wconf 89' lang='lat' dir='ltr'><strong>et</strong></span> <span class='ocrx_word' id='word_1_349' title='bbox 2224 3259 2353 3334; x_wconf 87' lang='lat' dir='ltr'><strong>Eccle-</strong></span> 
     </span>
     <span class='ocr_line' id='line_1_31' title="bbox 304 3367 2352 3474; baseline -0.028 -11"><span class='ocrx_word' id='word_1_350' title='bbox 304 3385 437 3464; x_wconf 89' lang='lat' dir='ltr'><strong>stolicis</strong></span> <span class='ocrx_word' id='word_1_351' title='bbox 459 3380 631 3460; x_wconf 88' lang='lat' dir='ltr'><strong>evolutis,</strong></span> <span class='ocrx_word' id='word_1_352' title='bbox 658 3368 818 3474; x_wconf 84' lang='lat' dir='ltr'><strong>adbibita</strong></span> <span class='ocrx_word' id='word_1_353' title='bbox 840 3373 946 3444; x_wconf 90' lang='lat' dir='ltr'><strong>etiam</strong></span> <span class='ocrx_word' id='word_1_354' title='bbox 970 3387 1115 3465; x_wconf 89' lang='lat' dir='ltr'><strong>patrum·</strong></span> <span class='ocrx_word' id='word_1_355' title='bbox 1137 3369 1300 3454; x_wconf 86' lang='lat' dir='ltr'><strong>lectione,</strong></span> <span class='ocrx_word' id='word_1_356' title='bbox 1350 3375 1547 3444; x_wconf 48' lang='lat' dir='ltr'><strong>,laesurus</strong></span> <span class='ocrx_word' id='word_1_357' title='bbox 1571 3373 1829 3444; x_wconf 50' lang='lat' dir='ltr'><strong>emendarem,</strong></span> <span class='ocrx_word' id='word_1_358' title='bbox 1881 3369 2017 3440; x_wconf 66' lang='lat' dir='ltr'><strong>Audivi</strong></span> <span class='ocrx_word' id='word_1_359' title='bbox 2040 3371 2137 3438; x_wconf 60' lang='lat' dir='ltr'><strong>,nim</strong></span> <span class='ocrx_word' id='word_1_360' title='bbox 2161 3367 2352 3446; x_wconf 48' lang='lat' dir='ltr'>dicentem,</span> 
     </span>
     <span class='ocr_line' id='line_1_32' title="bbox 301 3471 2353 3580; baseline -0.017 -8"><span class='ocrx_word' id='word_1_361' title='bbox 301 3506 417 3574; x_wconf 82' lang='lat' dir='ltr'><strong>totam</strong></span> <span class='ocrx_word' id='word_1_362' title='bbox 436 3482 692 3580; x_wconf 84' lang='lat' dir='ltr'><strong>antiquitatem</strong></span> <span class='ocrx_word' id='word_1_363' title='bbox 707 3475 903 3562; x_wconf 91' lang='lat' dir='ltr'><strong>consuluit,</strong></span> <span class='ocrx_word' id='word_1_364' title='bbox 938 3489 973 3546; x_wconf 88' lang='lat' dir='ltr'><strong>et</strong></span> <span class='ocrx_word' id='word_1_365' title='bbox 995 3473 1169 3564; x_wconf 83' lang='lat' dir='ltr'><strong>contulit,¹</strong></span> <span class='ocrx_word' id='word_1_366' title='bbox 1196 3484 1300 3566; x_wconf 86' lang='lat' dir='ltr'><strong>atque</strong></span> <span class='ocrx_word' id='word_1_367' title='bbox 1352 3477 1450 3570; x_wconf 88' lang='lat' dir='ltr'><strong>quod</strong></span> <span class='ocrx_word' id='word_1_368' title='bbox 1473 3496 1615 3544; x_wconf 86' lang='lat' dir='ltr'><strong>cumea</strong></span> <span class='ocrx_word' id='word_1_369' title='bbox 1640 3475 1761 3552; x_wconf 85' lang='lat' dir='ltr'><strong>dere,</strong></span> <span class='ocrx_word' id='word_1_370' title='bbox 1794 3473 1928 3564; x_wconf 88' lang='lat' dir='ltr'><strong>scripto</strong></span> <span class='ocrx_word' id='word_1_371' title='bbox 1952 3473 2068 3542; x_wconf 76' lang='lat' dir='ltr'><strong>virum</strong></span> <span class='ocrx_word' id='word_1_372' title='bbox 2092 3471 2353 3548; x_wconf 89' lang='lat' dir='ltr'><strong>admonuisset,</strong></span> 
     </span>
     <span class='ocr_line' id='line_1_33' title="bbox 304 3571 2059 3669; baseline -0.028 -1"><span class='ocrx_word' id='word_1_373' title='bbox 304 3621 347 3668; x_wconf 79' lang='lat' dir='ltr'><strong>er</strong></span> <span class='ocrx_word' id='word_1_374' title='bbox 363 3589 431 3666; x_wconf 87' lang='lat' dir='ltr'><strong>hac</strong></span> <span class='ocrx_word' id='word_1_375' title='bbox 453 3585 710 3660; x_wconf 88' lang='lat' dir='ltr'><strong>sententiarum</strong></span> <span class='ocrx_word' id='word_1_376' title='bbox 731 3571 941 3663; x_wconf 85' lang='lat' dir='ltr'><strong>collatione,</strong></span> <span class='ocrx_word' id='word_1_377' title='bbox 968 3573 1108 3668; x_wconf 89' lang='lat' dir='ltr'><strong>Corpus</strong></span> <span class='ocrx_word' id='word_1_378' title='bbox 1122 3575 1300 3664; x_wconf 86' lang='lat' dir='ltr'><strong>integrum</strong></span> <span class='ocrx_word' id='word_1_379' title='bbox 1354 3603 1428 3648; x_wconf 79' lang='lat' dir='ltr'><strong>non</strong></span> <span class='ocrx_word' id='word_1_380' title='bbox 1441 3577 1538 3648; x_wconf 66' lang='lat' dir='ltr'><strong>aliud</strong></span> <span class='ocrx_word' id='word_1_381' title='bbox 1555 3573 1923 3667; x_wconf 53' lang='lat' dir='ltr'><strong>tuleritmpomm</strong></span> <span class='ocrx_word' id='word_1_382' title='bbox 1953 3597 2059 3669; x_wconf 61' lang='lat' dir='ltr'><strong>quam</strong></span> 
     </span>
     <span class='ocr_line' id='line_1_34' title="bbox 305 3677 1301 3778; baseline -0.026 -9"><span class='ocrx_word' id='word_1_383' title='bbox 305 3694 490 3769; x_wconf 85' lang='lat' dir='ltr'><strong>doctrinae</strong></span> <span class='ocrx_word' id='word_1_384' title='bbox 504 3683 723 3778; x_wconf 87' lang='lat' dir='ltr'><strong>conscripsit,</strong></span> <span class='ocrx_word' id='word_1_385' title='bbox 750 3683 789 3750; x_wconf 91' lang='lat' dir='ltr'><strong>in</strong></span> <span class='ocrx_word' id='word_1_386' title='bbox 805 3705 876 3775; x_wconf 90' lang='lat' dir='ltr'><strong>quo</strong></span> <span class='ocrx_word' id='word_1_387' title='bbox 892 3703 1015 3751; x_wconf 87' lang='lat' dir='ltr'><strong>omnes</strong></span> <span class='ocrx_word' id='word_1_388' title='bbox 1033 3677 1301 3770; x_wconf 80' lang='lat' dir='ltr'><strong>propemodum,</strong></span> 
     </span>
    </p>
   </div>
   <div class='ocr_carea' id='block_1_6' title="bbox 304 3775 2355 3974">
    <p class='ocr_par' dir='ltr' id='par_1_6' title="bbox 304 3775 2355 3974">
     <span class='ocr_line' id='line_1_35' title="bbox 306 3775 1380 3889; baseline -0.024 -18"><span class='ocrx_word' id='word_1_389' title='bbox 306 3812 400 3871; x_wconf 89' lang='lat' dir='ltr'><strong>certe</strong></span> <span class='ocrx_word' id='word_1_390' title='bbox 423 3793 628 3889; x_wconf 88' lang='lat' dir='ltr'><strong>praecipuas</strong></span> <span class='ocrx_word' id='word_1_391' title='bbox 654 3780 889 3874; x_wconf 86' lang='lat' dir='ltr'><strong>Theologicas</strong></span> <span class='ocrx_word' id='word_1_392' title='bbox 914 3781 1094 3864; x_wconf 89' lang='lat' dir='ltr'><strong>materias,</strong></span> <span class='ocrx_word' id='word_1_393' title='bbox 1128 3802 1208 3848; x_wconf 92' lang='lat' dir='ltr'><strong>cum</strong></span> <span class='ocrx_word' id='word_1_394' title='bbox 1240 3775 1302 3845; x_wconf 89' lang='lat' dir='ltr'><strong>alii</strong></span> <span class='ocrx_word' id='word_1_395' title='bbox 1373 3839 1380 3845; x_wconf 82' lang='lat'>.</span> 
     </span>
     <span class='ocr_line' id='line_1_36' title="bbox 304 3863 2355 3974; baseline -0.021 0"><span class='ocrx_word' id='word_1_396' title='bbox 304 3903 395 3974; x_wconf 86' lang='lat' dir='ltr'><strong>alias</strong></span> <span class='ocrx_word' id='word_1_397' title='bbox 411 3909 550 3972; x_wconf 85' lang='lat' dir='ltr'><strong>tanturn</strong></span> <span class='ocrx_word' id='word_1_398' title='bbox 572 3888 777 3972; x_wconf 84' lang='lat' dir='ltr'><strong>tractarint,</strong></span> <span class='ocrx_word' id='word_1_399' title='bbox 804 3885 1010 3956; x_wconf 89' lang='lat' dir='ltr'><strong>monstratis</strong></span> <span class='ocrx_word' id='word_1_400' title='bbox 1026 3882 1119 3952; x_wconf 86' lang='lat' dir='ltr'><strong>veris</strong></span> <span class='ocrx_word' id='word_1_401' title='bbox 1143 3879 1303 3950; x_wconf 88' lang='lat' dir='ltr'><strong>lontibus</strong></span> <span class='ocrx_word' id='word_1_402' title='bbox 1354 3867 1566 3959; x_wconf 75' lang='lat' dir='ltr'><strong>significans</strong></span> <span class='ocrx_word' id='word_1_403' title='bbox 1579 3889 1616 3934; x_wconf 88' lang='lat' dir='ltr'><strong>se</strong></span> <span class='ocrx_word' id='word_1_404' title='bbox 1631 3867 1701 3934; x_wconf 88' lang='lat' dir='ltr'><strong>iam</strong></span> <span class='ocrx_word' id='word_1_405' title='bbox 1716 3865 1813 3934; x_wconf 91' lang='lat' dir='ltr'><strong>senio</strong></span> <span class='ocrx_word' id='word_1_406' title='bbox 1830 3863 2041 3947; x_wconf 79' lang='lat' dir='ltr'><strong>coniectum,</strong></span> <span class='ocrx_word' id='word_1_407' title='bbox 2066 3863 2230 3953; x_wconf 88' lang='lat' dir='ltr'><strong>precibus</strong></span> <span class='ocrx_word' id='word_1_408' title='bbox 2244 3887 2355 3932; x_wconf 91' lang='lat' dir='ltr'><strong>occu·</strong></span> 
     </span>
    </p>
   </div>
   <div class='ocr_carea' id='block_1_7' title="bbox 231 3963 2357 4394">
    <p class='ocr_par' dir='ltr' id='par_1_7' title="bbox 306 3963 2354 4086">
     <span class='ocr_line' id='line_1_37' title="bbox 306 3963 2354 4086; baseline -0.02 -12"><span class='ocrx_word' id='word_1_409' title='bbox 306 4028 349 4074; x_wconf 79' lang='lat' dir='ltr'><strong>ex</strong></span> <span class='ocrx_word' id='word_1_410' title='bbox 365 4023 463 4072; x_wconf 87' lang='lat' dir='ltr'><strong>sacra</strong></span> <span class='ocrx_word' id='word_1_411' title='bbox 478 3997 652 4086; x_wconf 88' lang='lat' dir='ltr'><strong>scriptura</strong></span> <span class='ocrx_word' id='word_1_412' title='bbox 674 4004 725 4062; x_wconf 86' lang='lat' dir='ltr'><strong>est</strong></span> <span class='ocrx_word' id='word_1_413' title='bbox 742 3989 963 4080; x_wconf 84' lang='lat' dir='ltr'><strong>complexus,</strong></span> <span class='ocrx_word' id='word_1_414' title='bbox 989 3987 1097 4079; x_wconf 85' lang='lat' dir='ltr'><strong>idque</strong></span> <span class='ocrx_word' id='word_1_415' title='bbox 1115 3983 1219 4054; x_wconf 90' lang='lat' dir='ltr'><strong>solita</strong></span> <span class='ocrx_word' id='word_1_416' title='bbox 1239 4001 1302 4051; x_wconf 89' lang='lat' dir='ltr'><strong>sua</strong></span> <span class='ocrx_word' id='word_1_417' title='bbox 1355 3972 1449 4064; x_wconf 77' lang='lat' dir='ltr'><strong>pari:</strong></span> <span class='ocrx_word' id='word_1_418' title='bbox 1473 3967 1608 4060; x_wconf 82' lang='lat' dir='ltr'><strong>ltaque</strong></span> <span class='ocrx_word' id='word_1_419' title='bbox 1632 3963 1699 4038; x_wconf 80' lang='lat' dir='ltr'><strong>lroc</strong></span> <span class='ocrx_word' id='word_1_420' title='bbox 1724 3968 1908 4057; x_wconf 82' lang='lat' dir='ltr'><strong>negocium</strong></span> <span class='ocrx_word' id='word_1_421' title='bbox 1939 3965 2017 4034; x_wconf 89' lang='lat' dir='ltr'><strong>aliis</strong></span> <span class='ocrx_word' id='word_1_422' title='bbox 2042 3964 2354 4047; x_wconf 82' lang='lat' dir='ltr'><strong>committendum,</strong></span> 
     </span>
    </p>

    <p class='ocr_par' dir='ltr' id='par_1_8' title="bbox 231 4065 2357 4394">
     <span class='ocr_line' id='line_1_38' title="bbox 231 4065 2357 4189; baseline -0.019 -12"><span class='ocrx_word' id='word_1_423' title='bbox 231 4090 237 4101; x_wconf 67' lang='grc'><strong>’</strong></span> <span class='ocrx_word' id='word_1_424' title='bbox 308 4096 655 4189; x_wconf 60' lang='grc' dir='ltr'><strong>ᾶωεῑίῑαῑο,,ιιιιάε</strong></span> <span class='ocrx_word' id='word_1_425' title='bbox 675 4091 777 4162; x_wconf 79' lang='lat' dir='ltr'><strong>facile</strong></span> <span class='ocrx_word' id='word_1_426' title='bbox 800 4090 1001 4179; x_wconf 88' lang='lat' dir='ltr'><strong>legentibus</strong></span> <span class='ocrx_word' id='word_1_427' title='bbox 1023 4099 1189 4178; x_wconf 87' lang='lat' dir='ltr'><strong>apparet,</strong></span> <span class='ocrx_word' id='word_1_428' title='bbox 1215 4082 1302 4176; x_wconf 93' lang='lat' dir='ltr'><strong>quid</strong></span> <span class='ocrx_word' id='word_1_429' title='bbox 1356 4074 1487 4168; x_wconf 86' lang='lat' dir='ltr'><strong>quibus</strong></span> <span class='ocrx_word' id='word_1_430' title='bbox 1511 4067 1629 4140; x_wconf 87' lang='lat' dir='ltr'><strong>adbuc</strong></span> <span class='ocrx_word' id='word_1_431' title='bbox 1657 4071 1810 4148; x_wconf 76' lang='lat' dir='ltr'><strong>maiores</strong></span> <span class='ocrx_word' id='word_1_432' title='bbox 1833 4083 1948 4140; x_wconf 84' lang='lat' dir='ltr'><strong>essent</strong></span> <span class='ocrx_word' id='word_1_433' title='bbox 1971 4067 2084 4153; x_wconf 85' lang='lat' dir='ltr'><strong>vires,</strong></span> <span class='ocrx_word' id='word_1_434' title='bbox 2107 4066 2170 4162; x_wconf 86' lang='lat' dir='ltr'><strong>qui</strong></span> <span class='ocrx_word' id='word_1_435' title='bbox 2196 4065 2357 4152; x_wconf 86' lang='lat' dir='ltr'><strong>labores,</strong></span> 
     </span>
     <span class='ocr_line' id='line_1_39' title="bbox 308 4171 2354 4291; baseline -0.019 -15"><span class='ocrx_word' id='word_1_436' title='bbox 308 4207 354 4278; x_wconf 92' lang='lat' dir='ltr'><strong>de</strong></span> <span class='ocrx_word' id='word_1_437' title='bbox 369 4201 519 4291; x_wconf 85' lang='lat' dir='ltr'><strong>singulis</strong></span> <span class='ocrx_word' id='word_1_438' title='bbox 535 4195 717 4268; x_wconf 86' lang='lat' dir='ltr'><strong>doctrinae</strong></span> <span class='ocrx_word' id='word_1_439' title='bbox 732 4187 955 4264; x_wconf 87' lang='lat' dir='ltr'><strong>Christianae</strong></span> <span class='ocrx_word' id='word_1_440' title='bbox 969 4189 1130 4284; x_wconf 89' lang='lat' dir='ltr'><strong>partibus</strong></span> <span class='ocrx_word' id='word_1_441' title='bbox 1144 4184 1303 4264; x_wconf 87' lang='lat' dir='ltr'><strong>senserit,</strong></span> <span class='ocrx_word' id='word_1_442' title='bbox 1351 4191 1390 4248; x_wconf 83' lang='lat' dir='ltr'><strong>et</strong></span> <span class='ocrx_word' id='word_1_443' title='bbox 1410 4198 1518 4244; x_wconf 87' lang='lat' dir='ltr'><strong>onera</strong></span> <span class='ocrx_word' id='word_1_444' title='bbox 1541 4173 1811 4266; x_wconf 82' lang='lat' dir='ltr'><strong>gubernationis</strong></span> <span class='ocrx_word' id='word_1_445' title='bbox 1836 4171 1973 4263; x_wconf 89' lang='lat' dir='ltr'><strong>possint</strong></span> <span class='ocrx_word' id='word_1_446' title='bbox 1995 4171 2108 4262; x_wconf 77' lang='lat' dir='ltr'><strong>ferre,</strong></span> <span class='ocrx_word' id='word_1_447' title='bbox 2144 4181 2180 4240; x_wconf 90' lang='lat' dir='ltr'><strong>et</strong></span> <span class='ocrx_word' id='word_1_448' title='bbox 2198 4171 2354 4240; x_wconf 86' lang='lat' dir='ltr'><strong>consilio</strong></span> 
     </span>
     <span class='ocr_line' id='line_1_40' title="bbox 309 4279 1527 4394; baseline -0.021 -17"><span class='ocrx_word' id='word_1_449' title='bbox 309 4329 375 4377; x_wconf 90' lang='lat' dir='ltr'><strong>nec</strong></span> <span class='ocrx_word' id='word_1_450' title='bbox 391 4325 483 4394; x_wconf 83' lang='lat' dir='ltr'><strong>opus</strong></span> <span class='ocrx_word' id='word_1_451' title='bbox 498 4313 550 4372; x_wconf 87' lang='lat' dir='ltr'><strong>est</strong></span> <span class='ocrx_word' id='word_1_452' title='bbox 567 4298 743 4379; x_wconf 88' lang='lat' dir='ltr'><strong>arbitror,</strong></span> <span class='ocrx_word' id='word_1_453' title='bbox 769 4308 808 4366; x_wconf 90' lang='lat' dir='ltr'><strong>ut</strong></span> <span class='ocrx_word' id='word_1_454' title='bbox 830 4294 957 4363; x_wconf 88' lang='lat' dir='ltr'><strong>ordine</strong></span> <span class='ocrx_word' id='word_1_455' title='bbox 979 4311 1197 4374; x_wconf 87' lang='lat' dir='ltr'><strong>recenseam,</strong></span> <span class='ocrx_word' id='word_1_456' title='bbox 1222 4307 1302 4358; x_wconf 87' lang='lat' dir='ltr'><strong>cum</strong></span> <span class='ocrx_word' id='word_1_457' title='bbox 1357 4279 1527 4348; x_wconf 75' lang='lat' dir='ltr'><strong>valerent.</strong></span> 
     </span>
    </p>
   </div>
   <div class='ocr_carea' id='block_1_8' title="bbox 255 4397 2430 4565">
    <p class='ocr_par' dir='ltr' id='par_1_9' title="bbox 255 4397 2430 4565">
     <span class='ocr_line' id='line_1_41' title="bbox 307 4397 1305 4488; baseline -0.025 -8"><span class='ocrx_word' id='word_1_458' title='bbox 307 4422 403 4480; x_wconf 78' lang='lat' dir='ltr'><strong>extet</strong></span> <span class='ocrx_word' id='word_1_459' title='bbox 419 4406 533 4488; x_wconf 86' lang='lat' dir='ltr'><strong>liber,</strong></span> <span class='ocrx_word' id='word_1_460' title='bbox 556 4414 590 4470; x_wconf 87' lang='lat' dir='ltr'><strong>et</strong></span> <span class='ocrx_word' id='word_1_461' title='bbox 606 4401 645 4468; x_wconf 93' lang='lat' dir='ltr'><strong>in</strong></span> <span class='ocrx_word' id='word_1_462' title='bbox 657 4397 818 4468; x_wconf 88' lang='lat' dir='ltr'><strong>omnium</strong></span> <span class='ocrx_word' id='word_1_463' title='bbox 836 4397 1002 4464; x_wconf 88' lang='lat' dir='ltr'><strong>manibus</strong></span> <span class='ocrx_word' id='word_1_464' title='bbox 1015 4406 1185 4474; x_wconf 83' lang='lat' dir='ltr'><strong>versetur.</strong></span> <span class='ocrx_word' id='word_1_465' title='bbox 1302 4481 1305 4486; x_wconf 19' lang='grc' dir='ltr'>Ι</span> 
     </span>
     <span class='ocr_line' id='line_1_42' title="bbox 255 4480 2430 4565; baseline -0.013 10"><span class='ocrx_word' id='word_1_466' title='bbox 255 4501 260 4508; x_wconf 77' lang='grc'><strong>’</strong></span> <span class='ocrx_word' id='word_1_467' title='bbox 1463 4484 1545 4554; x_wconf 86' lang='lat' dir='ltr'><strong>Non</strong></span> <span class='ocrx_word' id='word_1_468' title='bbox 1567 4484 1647 4552; x_wconf 89' lang='lat' dir='ltr'><strong>talis</strong></span> <span class='ocrx_word' id='word_1_469' title='bbox 1670 4497 1791 4552; x_wconf 86' lang='lat' dir='ltr'><strong>noster</strong></span> <span class='ocrx_word' id='word_1_470' title='bbox 1808 4483 1960 4565; x_wconf 83' lang='lat' dir='ltr'><strong>luit,ut</strong></span> <span class='ocrx_word' id='word_1_471' title='bbox 1984 4481 2111 4550; x_wconf 89' lang='lat' dir='ltr'><strong>callide</strong></span> <span class='ocrx_word' id='word_1_472' title='bbox 2131 4503 2231 4550; x_wconf 90' lang='lat' dir='ltr'><strong>suam</strong></span> <span class='ocrx_word' id='word_1_473' title='bbox 2249 4480 2358 4548; x_wconf 83' lang='lat' dir='ltr'><strong>dissi·</strong></span> <span class='ocrx_word' id='word_1_474' title='bbox 2429 4495 2430 4538; x_wconf 80' lang='lat'><em>3</em></span> 
     </span>
    </p>
   </div>
   <div class='ocr_carea' id='block_1_9' title="bbox 1437 3717 2286 3812">
    <p class='ocr_par' dir='ltr' id='par_1_10' title="bbox 1437 3717 2286 3812">
     <span class='ocr_line' id='line_1_43' title="bbox 1437 3717 2286 3812; baseline -0.011 -21"><span class='ocrx_word' id='word_1_475' title='bbox 1437 3723 1512 3812; x_wconf 63' lang='grc' dir='ltr'><strong>ἔργα</strong></span> <span class='ocrx_word' id='word_1_476' title='bbox 1526 3727 1621 3802; x_wconf 79' lang='grc' dir='ltr'><strong><em>νεῶν,</em></strong></span> <span class='ocrx_word' id='word_1_477' title='bbox 1649 3724 1762 3803; x_wconf 80' lang='grc' dir='ltr'><strong>βουλαὶ</strong></span> <span class='ocrx_word' id='word_1_478' title='bbox 1777 3721 1811 3786; x_wconf 74' lang='grc' dir='ltr'><strong>δὲ</strong></span> <span class='ocrx_word' id='word_1_479' title='bbox 1824 3725 1945 3803; x_wconf 70' lang='grc' dir='ltr'><strong><em>μισῶν,</em></strong></span> <span class='ocrx_word' id='word_1_480' title='bbox 1972 3719 2056 3802; x_wconf 77' lang='grc' dir='ltr'>εὐχαὶ</span> <span class='ocrx_word' id='word_1_481' title='bbox 2072 3719 2107 3784; x_wconf 75' lang='grc' dir='ltr'><strong>δὲ</strong></span> <span class='ocrx_word' id='word_1_482' title='bbox 2120 3717 2286 3804; x_wconf 73' lang='grc' dir='ltr'><strong><em>γερόντων.</em></strong></span> 
     </span>
    </p>
   </div>
   <div class='ocr_carea' id='block_1_10' title="bbox 309 4581 2430 5525">
    <p class='ocr_par' dir='ltr' id='par_1_11' title="bbox 309 4581 2430 5525">
     <span class='ocr_line' id='line_1_44' title="bbox 414 4581 2430 4698; baseline -0.018 -16"><span class='ocrx_word' id='word_1_483' title='bbox 414 4610 457 4682; x_wconf 89' lang='lat' dir='ltr'><strong>ld</strong></span> <span class='ocrx_word' id='word_1_484' title='bbox 481 4605 670 4698; x_wconf 87' lang='lat' dir='ltr'><strong>scriptum,</strong></span> <span class='ocrx_word' id='word_1_485' title='bbox 695 4600 793 4694; x_wconf 91' lang='lat' dir='ltr'><strong>quod</strong></span> <span class='ocrx_word' id='word_1_486' title='bbox 815 4595 921 4665; x_wconf 90' lang='lat' dir='ltr'><strong>initio</strong></span> <span class='ocrx_word' id='word_1_487' title='bbox 951 4588 1162 4688; x_wconf 87' lang='lat' dir='ltr'><strong>hypotheses</strong></span> <span class='ocrx_word' id='word_1_488' title='bbox 1177 4588 1306 4664; x_wconf 86' lang='lat' dir='ltr'><strong>Theo·</strong></span> <span class='ocrx_word' id='word_1_489' title='bbox 1361 4590 1514 4660; x_wconf 87' lang='lat' dir='ltr'><strong>mularet</strong></span> <span class='ocrx_word' id='word_1_490' title='bbox 1537 4585 1766 4668; x_wconf 85' lang='lat' dir='ltr'><strong>sententiam,</strong></span> <span class='ocrx_word' id='word_1_491' title='bbox 1799 4607 1844 4652; x_wconf 88' lang='lat' dir='ltr'><strong>ne</strong></span> <span class='ocrx_word' id='word_1_492' title='bbox 1868 4591 2013 4675; x_wconf 80' lang='lat' dir='ltr'><strong>propter</strong></span> <span class='ocrx_word' id='word_1_493' title='bbox 2032 4581 2296 4656; x_wconf 78' lang='lat' dir='ltr'><strong>confessionem</strong></span> <span class='ocrx_word' id='word_1_494' title='bbox 2320 4582 2358 4649; x_wconf 91' lang='lat' dir='ltr'><strong>in</strong></span> <span class='ocrx_word' id='word_1_495' title='bbox 2429 4635 2430 4650; x_wconf 68' lang='grc'>,</span> 
     </span>
     <span class='ocr_line' id='line_1_45' title="bbox 309 4682 2359 4808; baseline -0.017 -21"><span class='ocrx_word' id='word_1_496' title='bbox 309 4717 460 4808; x_wconf 86' lang='lat' dir='ltr'><strong>logicas,</strong></span> <span class='ocrx_word' id='word_1_497' title='bbox 494 4724 614 4803; x_wconf 88' lang='lat' dir='ltr'><strong>postea</strong></span> <span class='ocrx_word' id='word_1_498' title='bbox 631 4705 735 4774; x_wconf 50' lang='lat' dir='ltr'><strong>¹locus</strong></span> <span class='ocrx_word' id='word_1_499' title='bbox 759 4696 977 4787; x_wconf 86' lang='lat' dir='ltr'><strong>theologicos</strong></span> <span class='ocrx_word' id='word_1_500' title='bbox 1001 4696 1208 4787; x_wconf 83' lang='lat' dir='ltr'><strong>appellavit,</strong></span> <span class='ocrx_word' id='word_1_501' title='bbox 1241 4696 1308 4766; x_wconf 85' lang='lat' dir='ltr'><strong>ali-</strong></span> <span class='ocrx_word' id='word_1_502' title='bbox 1353 4692 1551 4764; x_wconf 81' lang='lat' dir='ltr'><strong>discrimen</strong></span> <span class='ocrx_word' id='word_1_503' title='bbox 1581 4689 1690 4759; x_wconf 88' lang='lat' dir='ltr'><strong>vitam</strong></span> <span class='ocrx_word' id='word_1_504' title='bbox 1722 4701 1756 4757; x_wconf 90' lang='lat' dir='ltr'><strong>et</strong></span> <span class='ocrx_word' id='word_1_505' title='bbox 1779 4687 1941 4756; x_wconf 86' lang='lat' dir='ltr'><strong>fortunas</strong></span> <span class='ocrx_word' id='word_1_506' title='bbox 1970 4687 2172 4758; x_wconf 86' lang='lat' dir='ltr'><strong>adduceret.</strong></span> <span class='ocrx_word' id='word_1_507' title='bbox 2232 4682 2359 4777; x_wconf 83' lang='lat' dir='ltr'><strong>Neque</strong></span> 
     </span>
     <span class='ocr_line' id='line_1_46' title="bbox 314 4787 2430 4912; baseline -0.016 -23"><span class='ocrx_word' id='word_1_508' title='bbox 314 4818 465 4912; x_wconf 87' lang='lat' dir='ltr'><strong>quoties,</strong></span> <span class='ocrx_word' id='word_1_509' title='bbox 489 4815 595 4901; x_wconf 89' lang='lat' dir='ltr'><strong>longo</strong></span> <span class='ocrx_word' id='word_1_510' title='bbox 611 4829 732 4878; x_wconf 85' lang='lat' dir='ltr'><strong>rerum</strong></span> <span class='ocrx_word' id='word_1_511' title='bbox 748 4825 826 4885; x_wconf 88' lang='lat' dir='ltr'><strong>usu,</strong></span> <span class='ocrx_word' id='word_1_512' title='bbox 848 4798 1160 4890; x_wconf 87' lang='lat' dir='ltr'><strong>disputationibus,</strong></span> <span class='ocrx_word' id='word_1_513' title='bbox 1185 4798 1308 4870; x_wconf 88' lang='lat' dir='ltr'><strong>lectio-</strong></span> <span class='ocrx_word' id='word_1_514' title='bbox 1361 4796 1546 4882; x_wconf 78' lang='lat' dir='ltr'><strong>ambiguo,</strong></span> <span class='ocrx_word' id='word_1_515' title='bbox 1574 4806 1635 4862; x_wconf 88' lang='lat' dir='ltr'><strong>aut</strong></span> <span class='ocrx_word' id='word_1_516' title='bbox 1655 4789 1861 4881; x_wconf 87' lang='lat' dir='ltr'><strong>improprio</strong></span> <span class='ocrx_word' id='word_1_517' title='bbox 1889 4811 2051 4860; x_wconf 79' lang='lat' dir='ltr'><strong>rectaene</strong></span> <span class='ocrx_word' id='word_1_518' title='bbox 2078 4787 2269 4859; x_wconf 81' lang='lat' dir='ltr'><strong>effundere</strong></span> <span class='ocrx_word' id='word_1_519' title='bbox 2303 4811 2360 4858; x_wconf 88' lang='lat' dir='ltr'><strong>ca·</strong></span> <span class='ocrx_word' id='word_1_520' title='bbox 2429 4797 2430 4828; x_wconf 32' lang='grc' dir='ltr'>ἒ</span> 
     </span>
     <span class='ocr_line' id='line_1_47' title="bbox 314 4889 2430 5004; baseline -0.016 -15"><span class='ocrx_word' id='word_1_521' title='bbox 314 4944 383 5004; x_wconf 90' lang='lat' dir='ltr'><strong>ne,</strong></span> <span class='ocrx_word' id='word_1_522' title='bbox 407 4933 442 4988; x_wconf 86' lang='lat' dir='ltr'><strong>et</strong></span> <span class='ocrx_word' id='word_1_523' title='bbox 453 4911 630 4986; x_wconf 84' lang='lat' dir='ltr'><strong>exercitiis</strong></span> <span class='ocrx_word' id='word_1_524' title='bbox 646 4907 787 5002; x_wconf 85' lang='lat' dir='ltr'><strong>pietatis</strong></span> <span class='ocrx_word' id='word_1_525' title='bbox 802 4904 913 4992; x_wconf 86' lang='lat' dir='ltr'><strong>magis</strong></span> <span class='ocrx_word' id='word_1_526' title='bbox 930 4903 1124 4999; x_wconf 78' lang='lat' dir='ltr'><strong>instructus</strong></span> <span class='ocrx_word' id='word_1_527' title='bbox 1138 4923 1309 4990; x_wconf 91' lang='lat' dir='ltr'><strong>recogno·</strong></span> <span class='ocrx_word' id='word_1_528' title='bbox 1363 4895 1510 4986; x_wconf 88' lang='lat' dir='ltr'><strong>liginem</strong></span> <span class='ocrx_word' id='word_1_529' title='bbox 1537 4893 1779 4973; x_wconf 83' lang='lat' dir='ltr'><strong>auditoribus,</strong></span> <span class='ocrx_word' id='word_1_530' title='bbox 1813 4906 1847 4962; x_wconf 89' lang='lat' dir='ltr'><strong>et</strong></span> <span class='ocrx_word' id='word_1_531' title='bbox 1880 4893 2072 4964; x_wconf 85' lang='lat' dir='ltr'><strong>lectoribus</strong></span> <span class='ocrx_word' id='word_1_532' title='bbox 2096 4890 2222 4960; x_wconf 77' lang='lat' dir='ltr'><strong>voluit.</strong></span> <span class='ocrx_word' id='word_1_533' title='bbox 2287 4889 2358 4962; x_wconf 86' lang='lat' dir='ltr'><strong>Nec</strong></span> <span class='ocrx_word' id='word_1_534' title='bbox 2429 4915 2430 4928; x_wconf 55' lang='lat'>¹</span> 
     </span>
     <span class='ocr_line' id='line_1_48' title="bbox 316 4959 2358 5108; baseline -0.014 -20"><span class='ocrx_word' id='word_1_535' title='bbox 316 5021 389 5102; x_wconf 83' lang='lat' dir='ltr'><strong>¹vit,</strong></span> <span class='ocrx_word' id='word_1_536' title='bbox 415 5033 450 5090; x_wconf 90' lang='lat' dir='ltr'><strong>et</strong></span> <span class='ocrx_word' id='word_1_537' title='bbox 466 5011 705 5108; x_wconf 87' lang='lat' dir='ltr'><strong>locupletavit.</strong></span> <span class='ocrx_word' id='word_1_538' title='bbox 737 5007 822 5080; x_wconf 67' lang='lat' dir='ltr'><strong>⁴Nec</strong></span> <span class='ocrx_word' id='word_1_539' title='bbox 840 5004 934 5074; x_wconf 83' lang='lat' dir='ltr'><strong>enim</strong></span> <span class='ocrx_word' id='word_1_540' title='bbox 950 5017 991 5073; x_wconf 93' lang='lat' dir='ltr'><strong>ut</strong></span> <span class='ocrx_word' id='word_1_541' title='bbox 1005 5002 1165 5094; x_wconf 87' lang='lat' dir='ltr'><strong>privatae</strong></span> <span class='ocrx_word' id='word_1_542' title='bbox 1180 5021 1309 5074; x_wconf 89' lang='lat' dir='ltr'><strong>consu-</strong></span> <span class='ocrx_word' id='word_1_543' title='bbox 1333 4959 1337 5042; x_wconf 66' lang='grc'>1</span> <span class='ocrx_word' id='word_1_544' title='bbox 1363 4998 1459 5079; x_wconf 85' lang='lat' dir='ltr'><strong>euim</strong></span> <span class='ocrx_word' id='word_1_545' title='bbox 1477 4998 1515 5066; x_wconf 89' lang='lat' dir='ltr'><strong>in</strong></span> <span class='ocrx_word' id='word_1_546' title='bbox 1529 4996 1754 5086; x_wconf 82' lang='lat' dir='ltr'><strong>dogmatibus</strong></span> <span class='ocrx_word' id='word_1_547' title='bbox 1769 4995 1854 5064; x_wconf 89' lang='lat' dir='ltr'><strong>lusit</strong></span> <span class='ocrx_word' id='word_1_548' title='bbox 1869 4995 2042 5084; x_wconf 86' lang='lat' dir='ltr'><strong>lingendis</strong></span> <span class='ocrx_word' id='word_1_549' title='bbox 2055 4991 2358 5084; x_wconf 74' lang='lat' dir='ltr'><strong>novioopinioni-</strong></span> 
     </span>
     <span class='ocr_line' id='line_1_49' title="bbox 313 5097 2357 5211; baseline -0.014 -17"><span class='ocrx_word' id='word_1_550' title='bbox 313 5125 405 5194; x_wconf 77' lang='lat' dir='ltr'><strong>teret</strong></span> <span class='ocrx_word' id='word_1_551' title='bbox 422 5113 695 5211; x_wconf 77' lang='lat' dir='ltr'><strong>tranquillitati,</strong></span> <span class='ocrx_word' id='word_1_552' title='bbox 727 5109 866 5180; x_wconf 87' lang='lat' dir='ltr'><strong>medius</strong></span> <span class='ocrx_word' id='word_1_553' title='bbox 889 5119 950 5176; x_wconf 89' lang='lat' dir='ltr'><strong>aut</strong></span> <span class='ocrx_word' id='word_1_554' title='bbox 976 5127 1068 5188; x_wconf 83' lang='lat' dir='ltr'><strong>esse,</strong></span> <span class='ocrx_word' id='word_1_555' title='bbox 1100 5120 1161 5174; x_wconf 90' lang='lat' dir='ltr'><strong>aut</strong></span> <span class='ocrx_word' id='word_1_556' title='bbox 1185 5100 1309 5175; x_wconf 87' lang='lat' dir='ltr'><strong>baberi</strong></span> <span class='ocrx_word' id='word_1_557' title='bbox 1362 5104 1441 5181; x_wconf 90' lang='lat' dir='ltr'><strong>bus,</strong></span> <span class='ocrx_word' id='word_1_558' title='bbox 1468 5113 1528 5170; x_wconf 93' lang='lat' dir='ltr'><strong>aut</strong></span> <span class='ocrx_word' id='word_1_559' title='bbox 1544 5097 1915 5188; x_wconf 86' lang='lat' dir='ltr'><strong>interpretationibus,</strong></span> <span class='ocrx_word' id='word_1_560' title='bbox 1942 5119 2006 5166; x_wconf 89' lang='lat' dir='ltr'><strong>nec</strong></span> <span class='ocrx_word' id='word_1_561' title='bbox 2023 5120 2116 5166; x_wconf 87' lang='lat' dir='ltr'><strong>nova</strong></span> <span class='ocrx_word' id='word_1_562' title='bbox 2133 5111 2357 5166; x_wconf 82' lang='lat' dir='ltr'><strong>commentus</strong></span> 
     </span>
     <span class='ocr_line' id='line_1_50' title="bbox 310 5197 2430 5306; baseline -0.014 -12"><span class='ocrx_word' id='word_1_563' title='bbox 310 5224 444 5296; x_wconf 65' lang='lat' dir='ltr'><strong>moluit.</strong></span> <span class='ocrx_word' id='word_1_564' title='bbox 481 5217 560 5289; x_wconf 89' lang='lat' dir='ltr'><strong>Hoc</strong></span> <span class='ocrx_word' id='word_1_565' title='bbox 578 5243 623 5288; x_wconf 90' lang='lat' dir='ltr'><strong>ne</strong></span> <span class='ocrx_word' id='word_1_566' title='bbox 638 5213 752 5289; x_wconf 89' lang='lat' dir='ltr'><strong>Solon</strong></span> <span class='ocrx_word' id='word_1_567' title='bbox 768 5211 912 5306; x_wconf 86' lang='lat' dir='ltr'><strong>quidem</strong></span> <span class='ocrx_word' id='word_1_568' title='bbox 931 5210 969 5276; x_wconf 91' lang='lat' dir='ltr'><strong>in</strong></span> <span class='ocrx_word' id='word_1_569' title='bbox 983 5203 1203 5296; x_wconf 83' lang='lat' dir='ltr'><strong>Repub.-sua</strong></span> <span class='ocrx_word' id='word_1_570' title='bbox 1221 5209 1310 5278; x_wconf 88' lang='lat' dir='ltr'><strong>fere-</strong></span> <span class='ocrx_word' id='word_1_571' title='bbox 1364 5217 1416 5274; x_wconf 88' lang='lat' dir='ltr'><strong>est</strong></span> <span class='ocrx_word' id='word_1_572' title='bbox 1432 5203 1594 5291; x_wconf 87' lang='lat' dir='ltr'><strong>dogmata</strong></span> <span class='ocrx_word' id='word_1_573' title='bbox 1610 5200 1814 5294; x_wconf 88' lang='lat' dir='ltr'><strong>antiquitati</strong></span> <span class='ocrx_word' id='word_1_574' title='bbox 1830 5199 1968 5288; x_wconf 84' lang='lat' dir='ltr'><strong>ignota,</strong></span> <span class='ocrx_word' id='word_1_575' title='bbox 1994 5199 2135 5268; x_wconf 87' lang='lat' dir='ltr'><strong>tametsi</strong></span> <span class='ocrx_word' id='word_1_576' title='bbox 2150 5197 2287 5268; x_wconf 87' lang='lat' dir='ltr'><strong>valeret</strong></span> <span class='ocrx_word' id='word_1_577' title='bbox 2302 5199 2359 5266; x_wconf 91' lang='lat' dir='ltr'><strong>in·</strong></span> <span class='ocrx_word' id='word_1_578' title='bbox 2429 5227 2430 5240; x_wconf 50' lang='lat'>¹</span> 
     </span>
     <span class='ocr_line' id='line_1_51' title="bbox 314 5300 2361 5412; baseline -0.017 -11"><span class='ocrx_word' id='word_1_579' title='bbox 314 5331 397 5412; x_wconf 87' lang='lat' dir='ltr'><strong>bat,</strong></span> <span class='ocrx_word' id='word_1_580' title='bbox 421 5338 463 5398; x_wconf 92' lang='lat' dir='ltr'><strong>ut</strong></span> <span class='ocrx_word' id='word_1_581' title='bbox 486 5335 582 5391; x_wconf 88' lang='lat' dir='ltr'><strong>mota</strong></span> <span class='ocrx_word' id='word_1_582' title='bbox 607 5317 799 5398; x_wconf 88' lang='lat' dir='ltr'><strong>seditione,</strong></span> <span class='ocrx_word' id='word_1_583' title='bbox 824 5325 988 5382; x_wconf 86' lang='lat' dir='ltr'><strong>neutram</strong></span> <span class='ocrx_word' id='word_1_584' title='bbox 1012 5308 1091 5402; x_wconf 90' lang='lat' dir='ltr'><strong>quis</strong></span> <span class='ocrx_word' id='word_1_585' title='bbox 1119 5311 1310 5382; x_wconf 86' lang='lat' dir='ltr'><strong>factionem</strong></span> <span class='ocrx_word' id='word_1_586' title='bbox 1361 5305 1487 5397; x_wconf 86' lang='lat' dir='ltr'><strong>genio,</strong></span> <span class='ocrx_word' id='word_1_587' title='bbox 1514 5302 1735 5387; x_wconf 85' lang='lat' dir='ltr'><strong>eruditione,</strong></span> <span class='ocrx_word' id='word_1_588' title='bbox 1758 5317 1792 5372; x_wconf 83' lang='lat' dir='ltr'><strong>et</strong></span> <span class='ocrx_word' id='word_1_589' title='bbox 1817 5300 1939 5372; x_wconf 80' lang='lat' dir='ltr'><strong>nmltis</strong></span> <span class='ocrx_word' id='word_1_590' title='bbox 1965 5301 2045 5372; x_wconf 80' lang='lat' dir='ltr'><strong>aliis</strong></span> <span class='ocrx_word' id='word_1_591' title='bbox 2066 5303 2176 5372; x_wconf 88' lang='lat' dir='ltr'><strong>rebus</strong></span> <span class='ocrx_word' id='word_1_592' title='bbox 2193 5313 2283 5370; x_wconf 82' lang='lat' dir='ltr'><strong>esset</strong></span> <span class='ocrx_word' id='word_1_593' title='bbox 2302 5301 2361 5368; x_wconf 89' lang='lat' dir='ltr'><strong>in·</strong></span> 
     </span>
     <span class='ocr_line' id='line_1_52' title="bbox 317 5404 2430 5525; baseline -0.017 -21"><span class='ocrx_word' id='word_1_594' title='bbox 317 5441 544 5525; x_wconf 78' lang='lat' dir='ltr'><strong>sequeretur,</strong></span> <span class='ocrx_word' id='word_1_595' title='bbox 578 5423 636 5495; x_wconf 84' lang='lat' dir='ltr'><strong>sed</strong></span> <span class='ocrx_word' id='word_1_596' title='bbox 659 5415 858 5490; x_wconf 85' lang='lat' dir='ltr'><strong>bonoribus</strong></span> <span class='ocrx_word' id='word_1_597' title='bbox 880 5413 986 5498; x_wconf 84' lang='lat' dir='ltr'><strong>tales,</strong></span> <span class='ocrx_word' id='word_1_598' title='bbox 1019 5435 1109 5504; x_wconf 91' lang='lat' dir='ltr'><strong>quos</strong></span> <span class='ocrx_word' id='word_1_599' title='bbox 1126 5411 1312 5488; x_wconf 86' lang='lat' dir='ltr'><strong>Neutrales</strong></span> <span class='ocrx_word' id='word_1_600' title='bbox 1354 5422 1641 5486; x_wconf 64' lang='lat' dir='ltr'><strong>sanctaenon</strong></span> <span class='ocrx_word' id='word_1_601' title='bbox 1669 5419 1788 5478; x_wconf 70' lang='lat' dir='ltr'><strong>manen</strong></span> <span class='ocrx_word' id='word_1_602' title='bbox 1820 5415 1960 5478; x_wconf 84' lang='lat' dir='ltr'><strong>tantum</strong></span> <span class='ocrx_word' id='word_1_603' title='bbox 1984 5404 2052 5475; x_wconf 87' lang='lat' dir='ltr'><strong>sibi</strong></span> <span class='ocrx_word' id='word_1_604' title='bbox 2080 5404 2262 5495; x_wconf 82' lang='lat' dir='ltr'><strong>permisit,</strong></span> <span class='ocrx_word' id='word_1_605' title='bbox 2287 5423 2360 5472; x_wconf 81' lang='lat' dir='ltr'><strong>nec</strong></span> <span class='ocrx_word' id='word_1_606' title='bbox 2429 5413 2430 5416; x_wconf 75' lang='grc'>’</span> 
     </span>
    </p>
   </div>
   <div class='ocr_carea' id='block_1_11' title="bbox 0 0 2462 5988">
    <p class='ocr_par' dir='ltr' id='par_1_12' title="bbox 0 0 2462 5988">
     <span class='ocr_line' id='line_1_53' title="bbox 0 0 2462 5988; baseline 0 0"><span class='ocrx_word' id='word_1_607' title='bbox 0 0 2462 5988; x_wconf 95' lang='lat' dir='ltr'><strong> </strong></span> 
     </span>
    </p>
   </div>
  </div>
 </body>
</html>
