4906 5986
1053 25 1066 62 l,

161 303 166 310 ,
286 257 362 336 143
480 273 487 286 ·
646 281 648 285 -
1078 201 1531 325 snerua'nanra
1658 320 1662 326 ,
2031 221 2033 226 ’
2247 249 2324 332 aas

286 454 428 530 quaque
450 425 617 504 Palicano
642 436 679 496 et
702 417 895 493 Theodoro
918 385 1177 490 desiderantur.
1227 414 1282 490 De
1334 419 1465 516 ginali,
1500 419 1562 492 scd
1583 419 1784 493 defensioni
1796 421 1852 495 sic
1875 423 2089 518 temperavi,
2120 436 2162 498 ut
2182 423 2328 497 interim

286 531 514 610 sacramentis
546 527 689 598 videtur·
718 523 821 594 vohis
854 545 975 594 orasse
1006 522 1148 592 errare?
1199 519 1282 607 Sed,
1312 526 1514 594 *neminem
1538 546 1720 594 servorum
1737 521 1885 596 Domini
1907 527 2116 614 deiecerim,
2140 528 2226 598 dum
2246 523 2329 630 [nc-

286 635 431 713 Christo
448 633 585 717 iudice,
611 626 826 719 cognoscetis
841 620 940 696 hunc
954 626 1072 695 vinam
1091 619 1204 694 initis
1218 625 1283 694 ad·
1334 619 1459 723 dumi]
1479 625 1568 696 lulso
1592 627 1742 697 crimine
1762 628 1986 720 impetierim.
2043 627 2128 702 'lioc
2152 641 2245 700 certe
2271 649 2332 700 so-

288 737 449 814 serendis
464 730 670 804 nihilaliud
683 742 859 822 spectare,
877 749 1002 822 poam
1014 739 1056 798 ut
1080 727 1228 796 verbum
1241 737 1284 798 et
1334 729 1430 814 lem,
1453 727 1743 822 optimidratres,
1758 725 1908 802 -nsetne
1920 729 1960 802 in
1971 731 2208 824 perniciosam
2223 731 2335 804 istam

289 837 478 940 promissio
508 829 644 908 Chrish'
657 855 735 928 ,suo
758 832 837 916 loco
867 824 1051 901 habeatur.
1114 825 1285 900 Fructum
1336 853 1491 924 pugnam
1525 833 1836 904 sacramentariam
1851 833 2061 928 protraxit,
2105 833 2203 929 quocl
2236 833 2335 906 lerrc

290 966 436 1020 amnem
454 949 759 1010 sacramentorum
780 933 846 1005 uni
867 929 1135 1004 benevolentiae
1150 927 1226 1000 'Dei
1250 941 1287 999 cs
1336 931 1411 1002 non
1437 953 1644 1026 possemus,
1683 926 2003 1032 oecolampadium
2027 929 2333 1026 et·Zvingliurns

292 1049 376 1132 filii,
399 1035 778 1138 ¹quabcnenoleutiam
792 1035 896 1108 iatam
912 1033 951 1104 in
967 1029 1111 1134 Christo
1128 1032 1285 1104 oblatam
1335 1027 1554 1108 Lutherauet
1575 1034 1654 1109 aliis
1671 1036 1888 1128 quibusdam
1909 1037 2053 1109 uacuas
2072 1032 2145 1108 lem
2158 1032 2335 1108 lullum·

294 1147 508 1240 neipimus,
545 1142 683 1215 tribuit.
749 1135 820 1207 ista
852 1149 893 1208 ut
920 1138 1143 1208 ostenderem
1172 1133 1288 1220 vobis,
1338 1138 1443 1210 niter.
1495 1134 1575 1209 'Nos
1592 1159 1733 1228 semper
1752 1137 1911 1212 ¹vidimus
1932 1138 1971 1208 in
1986 1133 2136 1212 Lutheri
2158 1139 2335 1214 sententia

293 1250 547 1327 adscenderunt
575 1245 621 1314 ad
651 1263 716 1312 ves
752 1233 838 1308 hinc
872 1237 1040 1324 biennio,
1088 1235 1286 1308 obtuleram
1338 1241 1382 1310 de
1403 1232 1627 1310 eucharistia
1651 1233 1745 1308 nihil
1762 1239 1896 1326 statui,
1926 1243 2022 1335 quod
2039 1264 2104 1336 per
2124 1264 2161 1312 se
2180 1241 2335 1336 impium

294 1355 486 1446 scriptum,
514 1344 653 1418 ambivi
667 1354 787 1436 postea
801 1352 1029 1414 conventum.
1080 1337 1152 1411 Sed
1166 1336 1287 1408 omnia
1339 1343 1404 1426 sit,
1429 1340 1512 1410 ideo
1528 1340 1633 1410 initio
1648 1365 1669 1410 a
1684 1341 2069 1416 contentiorenostros
2086 1344 2336 1428 avocahamus,

294 1459 427 1530 frustra
442 1473 506 1522 vos
519 1443 812 1524 iudicarev'ultis,
837 1465 980 1514 causam
990 1461 1201 1532 cognoscere
1213 1461 1291 1510 nou
1339 1443 1510 1514 cs·neutri-
1529 1442 1682 1534 partium
1704 1444 1821 1534 palam
1836 1443 2156 1536 adstipulabatur.
2206 1440 2281 1516 Iam
2302 1444 2337 1516 si

295 1559 424 1642 'vultis3
458 1553 494 1622 id
517 1547 695 1621 Ecclesiae
714 1559 857 1616 nostrae
876 1543 915 1616 in
932 1541 1098 1635 Zvinglio
1121 1563 1290 1632 magnum
1341 1544 1456 1625 velitis
1471 1545 1697 1628 soslrustm,
1730 1544 1903 1617 imocum
1925 1541 2337 1638 pemietettcetestamm

297 1665 471 1734 damnum
494 1653 604 1726 dedit.
657 1649 841 1722 -Dominus
861 1646 984 1718 noster
1007 1643 1104 1716 lesus
1125 1640 1292 1716 Christus
1341 1670 1495 1740 pugnam
1522 1646 1746 1730 resuscitare,
1779 1659 1815 1718 ct
1837 1647 1872 1716 id
1896 1649 1996 1719 lalsis
2017 1647 2235 1720 criminibus·
2254 1671 2338 1718 cum

298 1772 452 1852 avertat,
486 1771 588 1826 nect
608 1750 647 1821 in
669 1749 771 1822 vobis
792 1751 862 1824 det.
914 1745 1056 1820 Sensim
1075 1748 1293 1818 infamamur
1342 1749 1544 1840 imperfecta
1576 1749 1797 1819 confessione
1828 1749 1989 1820 veritatis
2025 1751 2070 1826 de
2097 1751 2340 1836 sacramentis,

298 1887 385 1950 nos,
416 1861 480 1955 qui
501 1858 541 1926 in
554 1853 731 1928 Ecclcsiis
758 1847 994 1944 Reipublicae
1016 1847 1163 1942 Imperii
1185 1842 1294 1919 Chri·
1343 1875 1389 1921 nc
1405 1849 1572 1919 dubitetis
1587 1849 1682 1919 Deus
1697 1850 1811 1922 aderit
1825 1845 2004 1922 Ecclesiae
2021 1875 2124 1940 suae,
2154 1865 2198 1925 ut
2219 1853 2340 1948 quali·

300 1985 395 2042 stum
409 1959 672 2056 praedicamus,
707 1975 772 2025 ceu
791 1951 1091 2044 nonsimpllciter
1112 1967 1295 2021 versemur
1343 1955 1721 2046 te‘nzunquec'oeptam
1745 1953 1971 2026 concordiam
1995 1954 2191 2026 situentur
2219 1969 2254 2026 et
2275 1979 2340 2026 vc-

302 2065 423 2142 iuhac
437 2083 560 2147 caum,
579 2057 818 2129 deliciamusa
835 2054 1037 2146 praedicata
1052 2053 1219 2137 veritate,
1246 2049 1296 2120 si·
1345 2069 1437 2126 stros
1468 2065 1616 2124 conatus
1632 2069 1634 2074 '
1650 2051 1753 2122 vobis
1787 2054 1939 2125 maxime
1971 2055 2191 2148 perniciosos
2223 2057 2341 2131 faciet.

300 2193 381 2245 mus
394 2164 464 2241 hnc
482 2163 579 2259 quod
595 2171 697 2252 sonat
711 2181 779 2228 vox
803 2151 1013 2244 mitiss,
1044 2179 1114 2249 quo
1140 2175 1205 2224 nos
1228 2175 1296 2222 no-
1345 2155 1513 2227 Proxime
1546 2153 1738 2227 accessistis
1771 2155 1986 2228 confessioni
2018 2157 2176 2230 veritatis
2206 2160 2341 2252 plenae

301 2275 399 2346 mine
407 2257 492 2339 [Α
501 2277 624 2336 noster
633 2257 818 2351 insignivit
829 2256 986 2330 scribens
996 2259 1040 2328 ad
1050 2249 1297 2329 Guilidmum
1346 2257 1523 2342 Basileae,
1555 2257 1640 2328 dum
1658 2269 1774 2326 tamen
1787 2259 1915 2328 'formis
1930 2259 2124 2356 scripturae
2137 2275 2257 2354 aperte
2274 2262 2342 2332 ad·

303 2401 329 2449 α
348 2368 436 2444 Zau
449 2371 549 2464 pium
570 2365 716 2460 quidem
740 2361 949 2434 sannionem
968 2355 1038 2462 [?],
1081 2362 1143 2430 sed
1166 2357 1229 2452 qui
1254 2380 1297 2425 eo
1348 2355 1418 2431 huo
1432 2357 1692 2444 contradicitis,
1715 2358 1928 2431 allinnantcs'
1944 2361 2147 2434 ministrum
2160 2358 2253 2432 nihil
2270 2361 2343 2434 nisi
2450 2361 2451 2366 ’

305 2475 485 2574 pervenit,
523 2467 661 2541 utiam
692 2464 893 2534 ministerio
918 2477 1041 2534 nostro
1063 2484 1138 2530 non
1165 2471 1298 2531 utatur.
1349 2463 1489 2551 signum
1514 2454 1701 2546 exhibere,
1736 2483 1807 2554 quo
1832 2473 1935 2554 pacto
1964 2487 2040 2533 non
2061 2477 2150 2536 esset
2179 2463 2345 2534 minister

306 2579 361 2654 ita
381 2575 467 2649 haec
489 2567 726 2664 Respublica,
757 2589 848 2662 quae
866 2563 993 2634 melius
1015 2585 1155 2656 semper
1170 2559 1299 2630 mereri
1347 2561 1502 2643 Christi,
1535 2585 1610 2630 non
1624 2561 1720 2630 enim
1734 2561 1996 2636 administraret
2012 2563 2222 2661 mysterium
2230 2560 2340 2637 Chri-

307 2681 353 2755 de
368 2678 493 2751 vestris
507 2672 622 2745 voluit
638 2693 743 2764 quam
758 2667 867 2739 vestri
892 2667 1085 2737 voluerunt
1101 2661 1301 2745 admittere,
1349 2667 1394 2737 sti
1414 2677 1449 2736 et
1470 2664 1652 2754 spiritum,
1685 2664 1747 2732 sed
1770 2663 1908 2734 literam
1930 2667 2055 2738 modo:
2086 2681 2181 2740 certe
2199 2681 2344 2738 sancto·

308 2769 439 2880 passim
461 2775 603 2850 a-vobis
627 2771 854 2841 insimulatur
877 2768 916 2838 in
945 2768 1104 2862 periculo
1129 2787 1223 2848 esse,
1259 2775 1301 2834 ut
1350 2791 1431 2838 rum
1453 2765 1597 2836 calculis
1614 2784 1718 2834 causa
1739 2765 1873 2836 cadetis
1893 2781 1928 2839 ct
1942 2790 2084 2860 gravem
2102 2769 2192 2840 iram
2207 2765 2345 2841 Christi
2450 2831 2451 2836 ,

310 2873 893 2968 alterum²Monasteriumevadat,
924 2894 1004 2942 cum
1021 2883 1139 2940 tamen
1157 2867 1301 2937 abortu
1351 2865 1727 2941 ineos-conciliabitis.
1778 2867 1862 2938 Alia
1875 2882 2036 2962 tempora
2052 2883 2156 2958 sunt,
2188 2872 2347 2963 amplior
2450 2939 2451 2958 ,

310 3003 483 3063 sectarum
507 3001 692 3072 uunquam
716 2977 835 3050 minus
864 2969 923 3042 hic
951 2971 1089 3044 sectarii
1113 2971 1303 3038 valuerunt
1352 2969 1466 3041 crucis
1497 2963 1631 3040 Christi
1661 2967 1836 3057 cognitio,
1878 2967 2133 3044 debacchatum
2171 2973 2253 3044 satis
2279 2985 2347 3046 est.

313 3087 565 3187 quommodo,
597 3074 987 3170 nunquamsaeviusin
1005 3072 1300 3144 sectariosactum
1353 3075 1430 3143 lmo
1448 3062 1669 3167 Philippus,
1704 3083 1841 3141 etcum
1863 3095 1904 3142 eo
1926 3071 1990 3142 alii
2006 3073 2153 3165 plurimi
2168 3076 2230 3146 toti
2248 3075 2348 3144 ineo
2450 3111 2451 3120 κ

311 3177 368 3267 ἧι
398 3189 465 3259 Διη
483 3179 867 3276 hisquinmultavana
885 3166 1304 3266 suntetpraeterchari·
1353 3189 1454 3260 cunt,
1487 3183 1527 3241 ut
1542 3195 1735 3272 paucorum
1761 3172 2007 3264 intemperiem
2027 3189 2206 3264 avertant,
2237 3171 2350 3247 Chri·
2450 3235 2451 3238 ,

312 3295 394 3368 tatis
420 3287 582 3380 ‘regulam
618 3281 752 3370 agitur,
789 3279 919 3348 frustra
953 3275 1041 3346 honi
1072 3273 1305 3344 offenduntur
1353 3291 1445 3347 stum
1469 3275 1508 3343 in
1531 3273 1632 3343 vohis
1654 3273 1846 3346 defend-ant
1866 3288 1901 3346 et
1927 3277 2166 3367 magnificent.
2215 3274 2264 3350 Et
2280 3297 2350 3347 vos
2450 3341 2451 3356 ,

292 3396 429 3468 'alieno
451 3403 621 3477 tempore
662 3405 732 3472 pax
771 3392 807 3450 ct
841 3377 1031 3450 concordia
1066 3385 1305 3468 *respuunturt
1353 3379 1404 3448 sic
1429 3375 1592 3468 propitiis
1622 3374 1714 3443 divis
1746 3377 1956 3448 revocabitis
1987 3380 2068 3449 orbi
2092 3381 2225 3451 bellum
2250 3380 2348 3450 istud

313 3495 441 3588 magna
461 3484 697 3560 estsccuritas
718 3505 792 3552 non
808 3475 881 3551 'suis
897 3480 1032 3550 viribus
1053 3473 1162 3563 fulta,
1195 3470 1305 3545 vehe-
1355 3475 1518 3550 exitiale?
1554 3473 1610 3546 Eo
1625 3488 1726 3564 pacto
1742 3499 1824 3567 ergo
1840 3479 1968 3549 aissetis
1983 3482 2191 3571 sanguinem
2205 3493 2350 3552 sancto-

291 3611 452 3671 ¹menter
466 3613 610 3674 semor,
635 3610 680 3655 ne
696 3584 782 3678 quid
798 3583 865 3675 ipsi
883 3583 984 3653 vohis
999 3581 1089 3652 detis
1106 3581 1306 3651 incommo-
1355 3603 1436 3652 rum
1451 3581 1490 3648 in
1506 3575 1651 3649 Gallia?
1682 3581 1934 3670 promovebitis
1948 3605 2089 3653 cursum
2104 3579 2293 3674 Evangelii
2310 3584 2351 3652 in
2450 3569 2451 3592 ³

314 3704 369 3777 pfl,-
405 3684 464 3768 Tu
479 3691 622 3774 scribis,
643 3689 744 3757 vobis
759 3689 833 3756 lore
849 3679 995 3776 posthac
1011 3683 1180 3754 maiorem
1197 3679 1306 3750 ratio·
1355 3681 1486 3772 Anglia
1511 3695 1544 3772 ct
1566 3679 1603 3746 in
1626 3677 1768 3750 Scotic'?
1812 3695 1846 3750 et
1869 3682 1946 3772 paci
1969 3683 2169 3758 inservieris
2193 3681 2351 3756 Germa·

317 3827 399 3876 nem
435 3793 468 3870 ,t
497 3787 746 3885 ,uphmjramm
767 3788 945 3870 recitatis,
984 3785 1160 3854 minorem
1188 3778 1306 3851 homi·
1356 3783 1471 3854 niae?
1494 3779 1651 3871 Augusta
1666 3783 1773 3851 modo
1788 3795 1824 3854 et
1839 3780 2099 3857 Francolurdia
2121 3781 2188 3856 hoc
2202 3787 2353 3858 nomine
2450 3851 2451 3866 ,

237 3957 239 3962 -
275 3955 278 3966 s
314 3932 425 3988 num,
456 3915 492 3970 et
511 3900 559 3969 ita
576 3882 1136 3982 iniuriusimthcranaslaturos,
1163 3897 1203 3955 ut
1221 3886 1308 3953 sint·
1357 3890 1585 3973 deserunusr.
1629 3879 1832 3954 Accesserat
1848 3881 2083 3978 Reginopolis
2106 3889 2145 3958 in
2168 3889 2273 3960 initio
2288 3913 2354 3961 ex-
2450 3871 2451 3882 ἵ

317 4011 426 4101 plicas
443 3999 636 4094 aliquando
649 3995 812 4076 videant,
844 3991 940 4084 quod
958 3989 1094 4059 nullius
1109 3981 1306 4057 Lutherum
1359 3990 1490 4060 tinctus
1517 3996 1663 4055 conatus
1690 3999 1759 4069 eat,
1802 3989 1920 4080 quod,
1960 3990 2066 4060 nobis
2099 3991 2355 4076 concordibus,
2450 3977 2451 3998 ³

317 4093 448 4201 pudeat
475 4096 662 4192 mendacii.
727 4089 777 4164 Ut
807 4093 918 4162 solius
947 4089 1106 4177 veritatis
1133 4088 1307 4158 rationem
1360 4115 1434 4160 non
1460 4088 1585 4158 luisset
1605 4087 1754 4172 lactum3
1787 4089 1830 4157 ad
1849 4083 1936 4159 haec
1954 4092 2041 4162 dare
2057 4093 2276 4164 occasionem
2292 4095 2355 4164 in·

203 4193 209 4204 '
317 4202 594 4282 habearisvalde
613 4199 778 4273 obsecro,
803 4188 999 4285 etprohac
1020 4191 1127 4260 etiam
1145 4184 1309 4260 homines
1359 4189 1583 4281 tempestivas
1614 4210 1749 4278 pugnas
1779 4203 1814 4262 et
1841 4189 2067 4263 imminutam
2095 4195 2356 4286 professionem
2450 4185 2451 4198 ¹

318 4307 456 4385 odisse?
507 4293 643 4370 Verum
664 4297 807 4368 inierim
826 4291 1009 4367 Christum
1035 4294 1072 4362 in
1098 4287 1310 4362 suisltomi-
1361 4293 1535 4370 veritatis,
1567 4292 1647 4383 quis
1669 4313 1743 4358 non
1764 4286 1967 4362 execrarur?
2017 4295 2058 4366 si
2080 4309 2198 4366 tamen
2221 4294 2359 4370 Helve-
2450 4279 2451 4284 ἵ

318 4417 426 4488 nibus
442 4389 641 4496 agamenes,
663 4413 698 4471 et
711 4423 807 4494 non,
831 4400 917 4468 dum
934 4396 1043 4467 vultis
1057 4393 1173 4464 videri
1188 4405 1310 4486 patro·
1361 4397 1492 4468 tiorum
1507 4387 1671 4462 Christus
1688 4406 1756 4472 est,
1791 4395 1941 4484 pergite:
1976 4397 2051 4481 sin,
2083 4399 2252 4468 sustinete
2271 4399 2376 4468 imi-'

319 4501 791 4587 nitamstrenuivcrltatis,
824 4499 890 4591 ipsi
913 4499 1001 4584 adeo
1025 4509 1144 4566 contra
1168 4517 1310 4564 omnem
1361 4493 1612 4578 tariPaulum,
1645 4505 1684 4563 ut
1702 4493 1763 4563 ubi
1787 4496 2059 4568 fundamentum
2074 4493 2236 4569 Christus
2254 4501 2361 4588 iacet,

319 4617 504 4688 veritatem
520 4603 677 4677 scribite:
701 4596 900 4673 Lutherum
913 4601 1047 4670 nullius
1062 4600 1194 4691 pudere
1210 4607 1310 4665 men·
1362 4597 1514 4669 ibilerri
1537 4611 1572 4666 et
1593 4596 1823 4666 ferreomnia
1845 4622 1919 4666 non
1940 4583 2154 4689 gravemini,
2189 4627 2259 4696 quo
2274 4627 2362 4694 per-

320 4719 423 4792 dacii.
475 4713 630 4784 Lahorat
645 4705 707 4774 ille
724 4699 792 4773 hoc
806 4703 922 4783 malo,
951 4715 992 4771 ut
1015 4725 1102 4794 quas
1120 4699 1311 4792 aliquando
1363 4713 1430 4772 stet
1452 4712 1487 4770 et
1510 4691 1725 4796 provehatur
1752 4700 1848 4790 quod
1876 4716 2038 4794 coeptum
2068 4717 2129 4777 est.
2189 4701 2284 4775 Haec
2311 4709 2362 4776 ad

321 4818 465 4894 admisit
486 4817 530 4884 de
556 4807 721 4898 Zvinglio
751 4806 856 4874 falsas
877 4803 1082 4896 opiniones,
1122 4823 1179 4870 eas
1205 4800 1313 4868 nimis
1364 4807 1443 4874 tuas
1457 4802 1601 4884 alteras,
1635 4799 1685 4868 mi
1706 4795 1924 4890 Bullingere.

320 4918 550 5018 pertinaciter
569 4911 705 4984 tribuat
727 4906 913 4988 omnibus,
946 4905 1009 4996 qui
1032 4899 1128 4974 hunc
1148 4903 1314 4972 videntur
1467 4902 1525 4973 Ad
1547 4915 1643 4981 tuas,
1679 4899 1728 4967 mi
1751 4895 1954 4973 charissime
1975 4897 2073 4986 Leo,
2104 4931 2185 4978 tum
2222 4911 2292 4980 iam
2318 4938 2361 4984 ex

321 5021 458 5098 sectari.
512 5014 560 5088 Ut
582 5036 644 5100 vps
668 5005 786 5103 itaque
801 5031 879 5078 eum
897 5005 1051 5096 Zvinglii
1070 5019 1147 5076 tum
1164 5018 1313 5074 vestram
1366 5004 1603 5095 maiori‘parte
1618 5025 1827 5092 responsum
1841 5003 2101 5098 sit,‘quanturn
2118 5013 2261 5103 quidem
2277 5015 2364 5084 lite-
2450 4993 2451 4998 ἵ

322 5119 564 5202 innocentiam
584 5112 802 5196 defendatis,
832 5109 892 5179 scd
910 5133 952 5178 ex
967 5131 1050 5178 vero
1069 5119 1102 5176 et
1115 5107 1200 5174 citra
1218 5129 1316 5174 com·
1366 5104 1636 5198 risresponderi
1652 5119 1775 5196 queat,
1808 5099 1893 5176 haec
1909 5108 2037 5199 accipe.
2087 5109 2362 5188 Lutherusnon

323 5227 531 5300 munionem
556 5217 653 5295 vitii,
689 5215 786 5307 qrtod
811 5209 1043 5303 impugnatis,
1074 5231 1179 5278 nemo
1203 5209 1317 5278 bono·
1367 5207 1537 5280 alienavit
1550 5227 1615 5276 nos
1625 5260 1635 5296 ,
1669 5207 1727 5274 aed
1746 5230 1826 5275 cum
1842 5223 2055 5279 conventum
2071 5235 2175 5304 spero
2195 5229 2229 5286 et
2243 5216 2363 5290 literis

324 5335 404 5402 ,um
421 5317 649 5415 improbabit,
700 5313 777 5404 Ego
792 5316 867 5405 ipse
893 5314 931 5380 in
955 5309 1215 5382 commentariis
1230 5308 1318 5377 meis
1348 5312 1473 5381 'video
1505 5331 1630 5400 parum
1663 5307 1782 5398 perlici
1811 5321 1846 5378 et
1873 5309 2036 5398 plurimis
2057 5332 2244 5408 occupatus
2266 5343 2364 5406 sum,

326 5428 564 5503 inRomanos
586 5417 793 5508 Zvinglium
811 5414 976 5500 delendi,
1008 5413 1053 5483 de
1075 5425 1217 5506 peccato
1245 5409 1318 5480 ori·
1370 5411 1524 5505 denique
1546 5410 1592 5480 ad
1616 5433 1761 5478 manum
1787 5409 1879 5479 nulli
1902 5412 2045 5485 luerunt
2060 5417 2255 5506 tabellarii,
2292 5423 2364 5494 leci
