4896 5974
554 1231 940 1328 CARMINUM
982 1234 1162 1324 Pth.
1204 1233 1366 1322 111111.
1409 1233 1627 1322 bruun
1668 1239 1731 1332 11.

245 1431 568 1502 1111111111
597 1435 667 1502 ra
699 1433 975 1521 11111111,
1017 1433 1159 1518 quan
1189 1430 1438 1498 111111
1469 1377 1750 1508 csse-rste
1774 1347 2036 1517 11111111.

1019 1648 1292 1678 -.-..-.-.ι
1321 1641 1327 1656 ·

130 1873 285 2000 Q

935 1969 1107 2001 m

191 2096 224 2152 11
239 2115 302 2172 opp.
314 2095 375 2152 Bas.
388 2093 423 2150 T.
434 2093 470 2155 V.
485 2111 512 2167 p.
520 2091 573 2149 tto
585 2101 613 2149 st
623 2089 697 2163 apud
710 2087 792 2146 tunc
805 2104 833 2160 p.
845 2085 886 2142 19.

919 1880 1113 1966 Ι(111527.)
1165 1870 1273 1944 Hunc
1296 1874 1410 1960 volet,
1437 1875 1512 1969 ipse
1531 1890 1649 1948 tamen
1670 1895 1835 1970 superato
1853 1909 1894 1956 ex
1909 1881 2010 1962 hoste
2026 1893 2157 1968 trium-

1165 2075 1295 2148 Laetus
1310 2089 1405 2166 aget,
1431 2079 1638 2174 mediosque
1656 1976 2008 2163 idldbdominabitur
2023 2089 2143 2172 hostes

1165 2173 1220 2248 Ac
1233 2191 1276 2258 ut
1289 2175 1380 2250 Vere
1396 2203 1491 2251 novo
1507 2183 1664 2254 tenebris
1678 2207 1758 2256 cum
1771 2185 1862 2260 sorte
1876 2195 2022 2266 remotis
2145 2154 2154 2174 ι

125 2265 155 2332 Ρ
152 2259 295 2333 ‘am'
314 2257 399 2342 1κὲ
431 2255 553 2347 ”cum
573 2253 803 2341 damfimt
832 2242 1032 2320 ecuudtvtt
1052 2265 1113 2317 ’Μ
1165 2277 1276 2348 Mene
1291 2303 1419 2350 aurora
1436 2282 1530 2352 diem
1544 2285 1667 2369 nobis,
1693 2286 1880 2383 lucemque
1892 2295 2041 2384 reducit,

433 2426 441 2460 ,
512 2350 647 2429 Deus”
663 2359 729 2428 cto.

1164 2377 1329 2452 Effundit
1346 2406 1464 2452 rorem
1478 2385 1611 2476 campis
1626 2385 1826 2460 sitientibus
1840 2389 1978 2468 aether:

125 2513 296 2605 Quamvis
311 2514 401 2583 dura
414 2510 546 2594 ieram,
570 2519 690 2579 tamen
705 2517 756 2575 est
770 2524 851 2596 pars
868 2513 960 2573 certa
977 2498 1115 2584 salutis,
1165 2480 1333 2576 Undique
1347 2486 1398 2553 sic
1414 2485 1564 2559 veniunt
1581 2487 1626 2556 ad
1639 2489 1732 2578 regia
1749 2490 1847 2583 signa
1864 2509 2035 2588 catervae,

169 2614 218 2688 Et
235 2617 332 2686 videt
347 2613 527 2696 adflictos,
552 2623 587 2679 et
600 2609 699 2678 iuvat
714 2607 789 2699 ipse
802 2603 922 2676 1111111.

123 2717 202 2790 Non
221 2719 348 2810 igitur,
373 2714 458 2809 quis
473 2735 529 2782 me
541 2712 686 2780 fortuna
703 2719 839 2778 exercet
854 2705 990 2798 iniqua,

169 2819 289 2890 Dicite
303 2842 361 2888 me
375 2815 533 2887 Domino
549 2811 771 2904 displicuisse
786 2831 878 2880 meo.

120 2919 244 3012 Eriget
259 2917 345 2990 baec
361 2919 457 2988 inter
471 2916 563 2985 mala
581 2937 648 2984 nos
664 2925 762 3004 pater
779 2910 953 3001 optimus,
980 2922 1084 3002 atque

173 3024 330 3116 Aspiciet
345 3023 537 3114 lacrymas,
563 3015 780 3108 accipietque
794 3033 925 3104 preces.

120 3123 168 3198 Et
181 3151 299 3196 rerum
317 3123 473 3206 Domino
492 3142 596 3188 nemo
614 3127 814 3187 succenseat
828 3133 997 3205 unquam,

170 3226 356 3298 Auxilium
372 3223 543 3318 quoniam
559 3219 701 3289 differat
716 3218 777 3286 ille
792 3215 871 3285 diu:

119 3329 190 3403 Sed
208 3342 319 3422 petat,
346 3351 386 3398 ac
401 3333 556 3415 expectet
570 3345 689 3413 opem:
716 3319 766 3388 sic
780 3315 900 3385 mollia
916 3315 1020 3384 durat

169 3431 334 3514 Pectora,
360 3429 421 3498 sed
438 3447 623 3518 nunquam
638 3421 767 3491 deserit
782 3419 844 3488 illa
861 3413 979 3488 DEtJS.

116 3531 164 3606 Et
182 3555 395 3628 quamquam
410 3551 510 3598 mora
526 3526 630 3615 longa
647 3523 711 3608 sit,
734 3535 768 3592 et
784 3519 910 3590 solatia
926 3517 1041 3588 nulla:

171 3636 300 3726 Qualia
317 3631 474 3702 mundus
490 3639 601 3710 amat,
625 3647 767 3695 cernere
785 3645 885 3714 posse
901 3622 1021 3688 datur:

118 3739 173 3810 Te
189 3737 358 3830 promissa
375 3747 493 3804 tamen
508 3740 665 3799 recreent
679 3725 858 3804 coelestia,
885 3723 997 3790 donec

172 3841 306 3934 lmpius
323 3833 381 3906 bic
396 3833 552 3904 mundus
567 3829 695 3921 gaudia
713 3825 846 3896 ventris
860 3819 975 3894 babet.
1048 3858 1049 3862 =

115 4043 1107 4082 ........-------—--——-——--··--

129 4231 200 4304 No,
214 4225 276 4300 79,
334 4239 338 4246 “
934 4215 1098 4284 1111527.

122 4323 298 4358 w...
930 4307 1102 4336 ψη..

185 4445 217 4500 ln
217 4435 433 4578 hqqpploapl'l'p
430 4433 507 4560 qu
515 4431 575 4489 241.
589 4439 616 4486 et
627 4429 699 4502 apud
714 4427 840 4490 Vincent.
860 4445 887 4500 p.
899 4427 940 4484 19.
963 4425 1008 4484 Cl.
1022 4427 1106 4504 Epist.

56 4565 62 4580 ,
142 4537 146 4544 ’
251 4529 284 4568 e.
358 4545 441 4570 ...
504 4542 512 4560 .

114 4674 292 4749 1111111111
305 4665 409 4743 ux..-
448 4665 597 4757 „utcu
618 4663 802 4734 1111111111
824 4653 1017 4734 uomtao”
1041 4663 1107 4734 etr.

114 4825 185 4900 Dat
198 4823 359 4896 Domino
374 4841 468 4890 nova
482 4839 590 4906 regna
603 4837 683 4883 meo
698 4826 798 4906 pater
813 4810 987 4904 optimus,
1015 4812 1071 4882 illi

116 4929 233 5021 Quem
247 4921 337 4996 mibi
353 4919 517 5017 promisit
531 4929 722 4989 venturum
736 4915 781 4984 ab
796 4911 934 5002 origine
949 4927 1082 5000 nostra,

115 5031 162 5104 Et
178 5030 298 5101 delere
315 5027 415 5097 iubet
428 5033 573 5092 cunctos
586 5017 649 5111 qui
666 5029 758 5087 recta
776 5028 982 5085 monentem

113 5133 370 5206 Contemnunt:
396 5123 514 5213 Regni
531 5121 684 5213 primum
701 5115 824 5189 Siouia
842 5139 948 5208 rupes

116 5231 325 5327 Auspicium
340 5229 519 5300 estvisura
532 5221 631 5307 novi,
657 5213 715 5288 hic
726 5219 786 5289 ubi
798 5215 1107 5310 gentisllebrccue

117 5332 228 5430 Impia
244 5331 430 5428 posteritas
445 5325 613 5398 scelerato
630 5323 834 5412 extinguere
850 5323 945 5392 ferro

1164 2582 1334 2677 Undique
1357 2597 1392 2656 et
1412 2602 1603 2676 agnoscent
1617 2586 1833 2680 Dominum,
1859 2600 2087 2698 monitusque
2100 2631 2156 2679 sc-

1675 2709 1840 2784 quentur.
1889 2743 1891 2748 -

1163 2783 1229 2856 llle
1244 2785 1321 2878 pios
1336 2785 1431 2856 inter
1448 2799 1518 2856 tam
1535 2789 1646 2862 multa
1665 2795 1822 2882 pericula
1839 2797 1933 2870 vitae
2026 2857 2027 2862 ,
2083 2801 2086 2808 ’

1161 2885 1345 2977 Protegct‚
1372 2903 1406 2959 et
1421 2889 1549 2960 mortis
1563 2892 1685 2962 feralia
1701 2893 1778 2964 iura
1794 2898 1940 2988 fugabit.

1161 2991 1232 3060 Sed
1249 3013 1323 3058 non
1338 3003 1473 3081 sceptra
1487 2994 1593 3062 modo
1608 3008 1704 3084 geret
1718 2996 1796 3082 ille,
1823 3013 1856 3068 et
1870 3003 1961 3091 regis
1979 2999 2149 3086 bonores:

1160 3089 1311 3184 Narque
1328 3092 1518 3162 sacerdotis
1533 3095 1661 3164 summi
1679 3121 1822 3192 quoque
1837 3127 1966 3175 munus
1981 3109 2095 3184 obibit

1160 3189 1366 3286 lentumque
1382 3206 1517 3284 patrem
1533 3195 1640 3266 nobis
1654 3198 1823 3289 placabit,
1850 3218 1884 3276 et
1897 3231 1991 3279 unus
2097 3170 2106 3200 ’

1160 3290 1292 3364 Orabit
1306 3295 1444 3366 miseris
1458 3297 1600 3380 veniam
1617 3301 1847 3390 mortalibus,
1872 3319 1978 3402 atque

1158 3395 1313 3466 Victima
1330 3397 1398 3466 erit
1411 3421 1476 3487 pro
1489 3399 1628 3470 delictis
1641 3403 1838 3490 gratissima
1855 3411 1996 3487 nostris.
2075 3449 2078 3456 v

1158 3495 1232 3568 Nec
1249 3497 1360 3566 veteri
1378 3497 1450 3568 ritu
1466 3501 1614 3588 pecudes
1627 3506 1796 3576 mactabit
1809 3511 1854 3578 ad
1870 3534 1959 3596 aras,

1160 3597 1277 3689 Quem
1294 3612 1392 3689 pater
1408 3600 1452 3667 ad
1468 3623 1565 3670 seros
1580 3598 1681 3670 Aron
1695 3603 1833 3677 misisse
1849 3627 1995 3702 nepotes

1160 3701 1350 3785 Traditur,
1371 3711 1434 3770 aut
1449 3700 1553 3770 vituli
1566 3719 1772 3796 consperget
1786 3729 1867 3779 saxa
1883 3735 2019 3800 cruore,

1161 3799 1235 3872 Aut
1249 3803 1437 3873 metuende
1453 3815 1554 3891 pater
1566 3803 1655 3874 salsa
1672 3805 1738 3876 tibi
1755 3809 1855 3899 fruge
1870 3813 1996 3890 litabit.

1046 3959 1050 3965 .
1159 3903 1241 3975 Nou
1257 3904 1386 3974 etenim
1402 3903 1530 3972 offensi
1544 3904 1881 3983 llectebatnuminis
1896 3915 1986 3986 iram

1160 4003 1260 4075 Talis
1276 4001 1408 4076 bonor:
1421 4101 1422 4104 Ἴ
1434 4004 1538 4076 faciet
1553 4020 1674 4078 noster
1688 4033 1779 4080 nova
1791 4037 1890 4085 sacre
1903 4015 2085 4096 Sacerdos.

1158 4103 1208 4177 Et
1221 4107 1318 4208 velut
1332 4101 1529 4176 Abramum
1544 4129 1704 4180 successu
1720 4113 1836 4184 caedis
1849 4133 2026 4210 ovantem,

1158 4205 1347 4301 Raptaque
1361 4210 1405 4278 dc
1420 4208 1523 4278 victis
1534 4211 1646 4300 spolia
1661 4207 1820 4284 hostibus
1834 4222 1949 4312 ampla
1963 4224 2133 4301 ferentem

1159 4304 1418 4394 Melchisedec,
1444 4309 1562 4401 parvis
1577 4309 1732 4407 Solymis
1746 4317 1808 4408 qui
1825 4343 1932 4408 regna
1947 4330 2087 4401 tenebat

1157 4408 1315 4502 Excipit,
1340 4424 1375 4480 et
1390 4425 1486 4500 grata
1501 4411 1668 4483 victorem
1684 4440 1768 4486 voce
1784 4421 1922 4508 salutat,
2087 4386 2097 4416 ’

1159 4511 1277 4607 Atque
1294 4512 1371 4582 viro
1387 4513 1584 4597 benedicit,
1609 4529 1644 4586 et
1658 4519 1777 4588 omnia
1792 4536 1889 4613 cepta
1904 4531 2057 4600 secunda

1157 4612 1244 4685 Esse
1260 4615 1376 4698 iubet,
1403 4637 1467 4682 nec
1483 4629 1604 4700 erunt,
1630 4617 1765 4710 inquit,
1792 4637 1910 4694 nostra
1925 4627 2024 4700 irrita
2041 4647 2119 4706 vota

1157 4713 1346 4807 Adprobat
1360 4716 1426 4784 ista
1440 4712 1556 4801 Deus,
1581 4718 1644 4810 qui
1658 4732 1693 4789 te
1706 4736 1908 4818 servatque,
1932 4731 2107 4826 regitque:
2124 4693 2133 4720 .

1159 4817 1263 4889 Talia
1280 4841 1343 4910 pro
1362 4817 1467 4886 nobis
1481 4817 1585 4888 saciet
1600 4843 1741 4914 quoquc
1755 4837 1835 4895 vota
1850 4833 2013 4902 sacerdos

1158 4917 1306 5005 Noster,
1327 4931 1370 4990 ut
1381 4914 1533 4989 humani
1551 4921 1687 5011 generis
1702 4923 1792 4994 111111
1807 4927 1978 5020 plurime,
2003 4959 2123 5011 rerum

1158 5019 1337 5094 Conditor
1352 5021 1427 5112 ipse
1443 5020 1554 5106 levet,
1580 5023 1786 5118 miserisque
1800 5041 1913 5100 errata
1929 5037 2080 5112 remittat

1158 5119 1207 5195 Et
1222 5147 1406 5217 nunquam
1422 5125 1592 5196 moritura
1607 5147 1720 5194 novae
1735 5127 1795 5197 det
1808 5133 1936 5217 gaudia
1956 5137 2059 5214 vitae.
2083 5097 2093 5128 ’

1158 5223 1234 5296 Nec
1248 5248 1331 5294 vcro
1347 5237 1530 5295 aeternum
1545 5248 1643 5294 mors
1658 5225 1758 5300 finiet
1774 5223 1880 5302 buius
1896 5229 2084 5314 honorem:

1159 5323 1287 5412 Vivet,
1312 5327 1436 5418 etipse
1452 5347 1516 5397 suo
1532 5325 1700 5499 {rppetur
1715 5353 1860 5406 munere
1874 5359 2022 5431 semper,
