4884 5950
115 177 192 254 949

112 375 242 424 vamur
254 347 362 424 aDe'o
377 366 411 425 et
426 353 557 425 alimur
571 377 612 425 ac
626 349 860 448 provehimur
875 377 960 424 voce
974 353 1110 439 divina,

112 479 207 549 quae
234 479 299 548 per
325 457 482 541 canales,
515 450 585 528 hoc
614 469 666 528 est
694 481 758 550 per
785 458 948 528 doctores
975 457 1021 527 ad
1043 479 1110 526 nos

110 557 392 630 transfunditur.
451 556 530 629 Hac
558 558 715 651 imagine
745 583 788 628 eo
814 558 986 630 libentius
1011 571 1108 644 ntor,

112 661 200 754 quia
220 683 303 730 vere
324 675 364 733 ut
384 661 502 732 foetus
526 663 566 730 in
579 663 660 733 alvo
678 675 840 733 materno
857 661 1029 734 divinitus
1044 685 1110 732 na-

113 763 228 834 scitur
241 776 274 833 et
289 763 506 844 custoditur,
531 764 581 835 ita
595 777 630 834 et
644 765 778 846 scolae,
804 760 871 834 Dei
888 787 967 856 ope,
992 777 1028 834 et
1043 787 1109 832 na-

113 877 265 936 scuntur
287 878 321 934 et
342 879 608 938 conservantur.
659 865 813 961 Fuitque
829 860 917 950 haec
932 865 1025 936 scola
1042 865 1109 934 ali-

112 967 286 1062 quamdiu
301 967 402 1038 alvus
416 969 635 1040 discentibus
652 970 770 1051 utilis,
797 982 831 1038 et
847 982 887 1038 ut
902 968 948 1038 sit
963 968 1109 1052 diutius,

112 1085 191 1142 toto
206 1083 347 1161 pectore
357 1071 473 1142 Deum
490 1095 565 1144 oro.
617 1067 747 1142 Fateor
761 1070 876 1155 enim,
902 1069 1006 1140 nobis
1022 1071 1109 1138 fide-

29 1171 32 1177 ’
111 1173 197 1244 liter
211 1173 379 1244 traditam
396 1195 470 1242 esse
484 1189 519 1246 et
533 1174 717 1244 coelestem
733 1173 953 1258 doctrinam,
978 1185 1014 1241 et
1027 1167 1109 1263 phi-

111 1270 334 1368 losophiam,
359 1275 489 1369 quibus
510 1276 616 1348 bonis
637 1271 731 1348 nihil
751 1275 880 1347 melius
902 1269 1110 1345 hominibus

112 1377 298 1470 impertire
311 1390 470 1470 possunt.

218 1478 297 1570 Ago
312 1481 431 1574 itaque
446 1481 576 1570 gratias
590 1491 666 1552 toto
680 1494 821 1574 pectore
836 1503 935 1564 meo,
963 1493 998 1549 et
1012 1501 1109 1548 com-

113 1582 220 1652 muni
241 1582 389 1652 nomine
406 1577 535 1653 borum
551 1574 836 1680 συμφοιτήτων,
861 1579 938 1652 Deo
955 1583 1110 1665 aeterno,

113 1685 210 1778 patri
224 1685 363 1755 domiui
378 1687 493 1756 nostri
508 1683 589 1756 lesu
598 1682 752 1770 Christi,
778 1684 956 1756 conditori
972 1683 1110 1774 generis

113 1781 266 1858 hnmani
288 1802 323 1858 et
338 1783 517 1858 Ecclesiae
535 1811 635 1870 suae,
660 1811 732 1858 una
751 1811 831 1856 cum
847 1787 920 1879 filio
936 1809 1018 1870 suo,
1045 1787 1110 1855 do-

113 1890 217 1960 mino
240 1904 363 1961 nostro
384 1887 465 1962 Iesu
478 1885 643 1971 Christo,
671 1889 836 1960 crucifixo
858 1913 924 1981 pro
947 1888 1053 1957 nobis
1076 1901 1111 1957 et

114 1993 345 2078 resuscitato,
382 2004 416 2062 et
445 1989 584 2084 Spiritu
615 2006 756 2074 sancto,
790 1993 887 2085 quod
916 1987 1114 2060 Ecclesiam

114 2096 186 2165 sibi
200 2096 294 2166 inter
308 2118 374 2166 uos
388 2094 534 2186 colligit,
559 2107 593 2166 et
607 2095 724 2166 studia
739 2094 921 2164 doctrinae
935 2117 1011 2162 non
1026 2091 1112 2162 sinit

116 2198 157 2266 iu
181 2194 238 2268 his
259 2197 466 2288 regionibus
487 2197 664 2297 extingui,
689 2211 723 2268 et
739 2198 835 2291 quod
853 2207 974 2266 nostra
993 2193 1111 2265 studia

115 2295 290 2372 hactenus
313 2300 469 2384 adiuvit,
503 2324 655 2394 eumque
678 2325 761 2379 oro,
795 2313 836 2370 ut
858 2297 1024 2390 deinceps
1045 2317 1110 2366 nos

115 2425 242 2474 omnes
263 2417 358 2492 regat
381 2425 421 2472 ac
440 2417 612 2494 protegat.
676 2399 817 2472 Deinde
840 2413 876 2470 et
896 2399 1025 2490 gratias
1046 2419 1110 2489 ago

117 2503 301 2575 Illustriss.
331 2500 491 2596 Principi
516 2501 674 2576 Electori
699 2501 792 2574 Duci
812 2501 1004 2588 saxoniae,
1037 2501 1111 2594 qui,

116 2631 198 2676 cum
220 2606 409 2698 praecipua
431 2630 516 2676 cura
540 2607 579 2676 in
602 2606 860 2698 gubernatione
883 2627 956 2674 esse
975 2604 1111 2684 debeat,

116 2722 158 2780 ut
179 2723 272 2780 recte
287 2710 483 2779 doceantur
496 2704 678 2794 homines,
702 2709 780 2778 vult
796 2721 890 2777 recte
904 2705 1041 2778 erudiri
1055 2705 1113 2776 iu-

117 2823 301 2882 ventutem
323 2824 357 2880 et
378 2806 733 2881 scholas'couservat.
786 2810 930 2880 Deinde
952 2831 1017 2897 ago
1033 2829 1113 2897 gra-

117 2913 185 2984 tias
208 2911 401 3003 Magnifico
422 2910 579 2984 Domino
602 2911 747 2986 Rectori
769 2925 804 2982 et
827 2911 1051 2982 nobilissimo
1074 2932 1114 2979 ac

114 3015 419 3110 praestantissimo
456 3013 560 3089 Dom.
593 3011 820 3085 Sebastiano
860 3037 885 3082 a
917 3007 1112 3086 Walwitz

115 3119 295 3211 praefecto
318 3115 493 3190 Saxoniae
514 3119 667 3213 inclyto,
698 3117 913 3188 doctissimis
935 3115 1023 3186 viris
1047 3117 1113 3186 do-
1177 3165 1180 3170 -

115 3221 227 3290 minis
256 3221 463 3291 doctoribus
494 3236 529 3292 et
558 3221 743 3292 nobilibus
773 3219 879 3306 viris,
919 3241 960 3287 ac
981 3217 1113 3288 nostris

117 3323 423 3416 praeceptoribus,
448 3323 626 3413 magistris
642 3337 676 3394 et
692 3321 856 3406 caeteris,
883 3319 945 3415 qui
961 3315 1032 3390 huc
1046 3343 1113 3388 no-

117 3425 183 3494 stri
197 3419 344 3496 houoris
359 3449 460 3496 causa
475 3440 732 3497 convenerunt.
784 3420 834 3496 Et
845 3423 1005 3512 siugulis,
1031 3421 1114 3493 ubi-

117 3551 259 3621 cunque
282 3527 348 3597 erit
370 3527 526 3613 occasio,
559 3527 844 3598 benevolentiam
868 3539 901 3596 et
917 3524 1113 3615 gratitudi-

116 3653 201 3700 nem
221 3643 380 3700 nostram
400 3630 678 3712 declarabimus,
702 3627 891 3723 praecipue
909 3651 993 3696 vero
1011 3649 1113 3716 prae·

116 3733 321 3824 ceptoribus
337 3732 471 3824 optime
485 3733 620 3803 meritis
637 3745 841 3826 perpetuam
859 3729 1113 3819 gratitudinem

116 3835 321 3906 animorum
336 3833 560 3928 pollicemur.
611 3831 706 3908 Dixi.

115 4189 263 4316 aaa
892 4189 1114 4319 ce>

189 4419 219 4473 lo
234 4415 398 4490 Quaestion.
413 4417 446 4472 ab
461 4416 550 4472 libero
563 4417 646 4473 edidit
665 4437 692 4492 p.
706 4419 765 4476 179.
843 4377 851 4384 ·
977 4487 983 4494 ι

117 4583 251 4654 Oratio
280 4581 452 4651 Rectoris
478 4575 597 4649 Acnd.
616 4575 761 4652 vWited.
796 4588 882 4675 post
917 4581 1115 4652 lectionem

402 4688 637 4752 statutorum
657 4685 838 4755 recitata.

117 4832 320 4920 Manifesta
352 4861 405 4919 est
432 4848 549 4938 legum
580 4847 725 4920 utilitas.
778 4847 857 4920 Nisi
880 4853 974 4920 enim
995 4851 1113 4940 legum

116 4975 206 5022 voce
235 4965 269 5021 et
295 4963 394 5020 metu
422 4973 618 5044 poenarum
642 4945 916 5023 cohercerentur
941 4947 1115 5038 homines,

116 5067 153 5126 et
168 5052 322 5148 inquieti
336 5051 559 5139 tollerentur,
584 5075 695 5142 genus
708 5046 905 5124 humanum
920 5055 1114 5126 interassi-

598 175 912 274 xenonum
948 132 1022 254 nr
1056 171 1674 253 auuvuscoucronus.
1764 187 1768 192 ·

2080 177 2157 256 950

1161 373 1220 442 ges
1241 347 1455 421 necessarias
1476 371 1550 420 esse
1573 361 1758 437 censeant,
1793 363 1828 423 et
1850 353 2029 428 fateantur
2050 365 2156 426 tuen-

1161 455 1225 525 das
1241 475 1327 528 esse.

1262 552 1337 626 Nos
1353 578 1458 636 vero,
1485 554 1548 650 qui
1571 553 1611 624 in
1626 550 1785 626 Ecclesia
1802 556 2002 628 doctrinam
2018 559 2063 628 de
2077 547 2155 630 Deo

1161 657 1373 742 didicimus,
1407 671 1443 728 et
1465 659 1596 758 scimus
1618 679 1692 727 esse
1716 655 1851 744 Deum,
1883 673 1920 731 et
1941 661 2047 730 talem
2071 683 2155 746 esse,

1161 760 1301 855 qualem
1336 783 1373 829 se
1407 759 1572 851 patefecit
1601 759 1778 830 transfusa
1808 761 1928 850 legum
1958 762 2085 833 notitia
2114 763 2155 832 in

1160 878 1297 934 mentes
1333 855 1543 947 hominum,
1592 862 1761 932 debemus
1793 862 1911 954 legum
1944 863 2154 954 dignitatem

1160 965 1274 1036 multo
1300 963 1414 1056 pluris
1437 951 1571 1045 faceri,
1594 988 1700 1058 quam
1725 965 1870 1055 vulgus,
1896 969 1993 1060 quod
2017 965 2155 1038 utilita-

1160 1080 1232 1137 tem
1247 1080 1386 1138 tantum
1405 1065 1541 1157 aspicit.
1766 1085 1767 1090 ’

1261 1182 1328 1256 Est
1342 1184 1438 1255 enim
1453 1185 1635 1255 verissime
1649 1185 1689 1256 in
1705 1181 1783 1256 Deo
1798 1197 1942 1258 aeterno
1958 1199 1992 1257 et
2007 1187 2155 1259 immota

1161 1287 1333 1380 sapientia
1364 1301 1398 1358 et
1429 1311 1556 1358 norma
1585 1286 1764 1373 iusticias,
1794 1289 1962 1380 patefacta
1986 1289 2091 1360 uobis
2114 1292 2155 1362 in
2271 1279 2276 1292 ⁸

1162 1391 1359 1472 creatione,
1394 1401 1428 1462 et
1458 1413 1559 1482 saepe
1586 1389 1732 1481 repetita
1764 1413 1851 1461 voce
1883 1391 2027 1477 divina,
2063 1388 2156 1463 hanc

1161 1493 1274 1585 ipsam
1306 1494 1353 1563 ob
1383 1515 1543 1576 causam,
1581 1505 1622 1562 ut
1653 1492 1699 1562 sit
1728 1491 1868 1563 illustre
1900 1495 2155 1576 testimonium,

1162 1597 1353 1666 ostendens
1381 1617 1455 1664 esse
1481 1593 1615 1678 Deum,
1650 1607 1685 1664 et
1713 1595 1829 1687 qualis
1855 1596 1919 1680 sit,
1951 1619 1991 1666 ac
2020 1597 2156 1686 obligat

1161 1693 1285 1768 omnes
1297 1697 1488 1768 rationales
1502 1708 1698 1780 creaturas,
1721 1710 1762 1768 ut
1778 1697 1838 1766 fiat
1853 1699 2053 1768 conformes
2064 1695 2156 1784 Deo,

1162 1813 1196 1871 et
1224 1795 1436 1870 horribilem
1462 1799 1552 1888 ¹iram
1579 1810 1614 1868 et
1635 1799 1910 1868 destructionem
1934 1801 2157 1872 denuncians

1162 1903 1349 1987 omnibus,
1376 1925 1467 1995 quae
1482 1924 1557 1970 non
1572 1913 1657 1970 sunt
1669 1901 1869 1972 conformes
1883 1898 1972 1976 Deo.

1263 2019 1356 2093 Cum
1368 2020 1477 2110 igitur
1489 2043 1622 2089 nomen
1635 2018 1722 2109 legis
1732 2019 1907 2106 audimus,
1928 2043 2030 2090 mens
2040 2020 2156 2095 Deum
2253 2041 2264 2063 ·

1161 2125 1298 2195 fontem
1321 2122 1533 2216 sapientiae,
1567 2121 1706 2192 ordinis
1729 2135 1764 2193 et
1784 2121 1943 2192 iusticiae
1965 2124 2158 2209 intueatur,
2205 2149 2211 2160 ¹

1164 2241 1198 2299 et
1220 2227 1307 2298 sciat
1326 2237 1569 2318 contemptum
1585 2225 1704 2314 legum
1722 2245 1796 2294 esse
1811 2225 1969 2296 furorem
1985 2223 2060 2297 Deo
2079 2226 2159 2296 bel-

1163 2331 1239 2401 lum
1255 2328 1480 2398 inferentem.

1264 2445 1338 2520 Nec
1354 2446 1452 2517 alind
1470 2443 1641 2536 significat
1658 2457 1758 2516 vetus
1773 2447 1899 2537 poima
1914 2447 1959 2516 de
1975 2443 2159 2539 Gigantib.

1162 2550 1297 2621 bellum
1324 2549 1422 2620 coelo
1442 2547 1698 2632 inferentibus,
1731 2571 1838 2640 quam
1861 2547 1948 2618 tales
1970 2543 2159 2622 homiuum

1162 2655 1322 2738 furores,
1354 2651 1417 2745 qui
1445 2651 1571 2743 spretis
1603 2649 1757 2740 legibus,
1788 2645 1905 2720 Deum
1932 2650 2049 2742 ipsum
2073 2675 2160 2722 con-

1164 2754 1320 2827 tumeliis
1345 2753 1528 2825 adficiunt.
1585 2749 1727 2822 Horum
1753 2751 1916 2821 fucorum
1940 2753 2042 2822 initia
2068 2755 2160 2844 vigi-

1163 2859 1280 2928 lanter
1292 2857 1448 2926 cavenda
1461 2869 1555 2926 sunt.
1608 2851 1702 2944 Quia
1715 2853 1851 2924 diaboli
1868 2868 2010 2944 pectora
2023 2879 2171 2941 eorum,

1165 2959 1228 3054 qui
1250 2959 1352 3030 initia
1372 2959 1613 3044 admiserunt,
1638 2968 1833 3048 occupant,
1859 2969 1895 3026 et
1910 2957 1999 3027 odio·
2010 2955 2077 3028 Dei
2091 2958 2160 3026 im-

1165 3063 1303 3154 pellunt
1317 3083 1357 3131 ea
1371 3061 1417 3130 ad
1432 3073 1519 3132 tetra
1538 3059 1684 3144 scelera,
1707 3081 1798 3152 quae
1812 3072 2012 3152 sequuntur
2026 3083 2161 3152 poenae

1165 3165 1336 3255 tragicae,
1362 3176 1398 3234 et
1420 3176 1604 3234 aeternum
1628 3161 1794 3245 exitium,
1820 3175 1861 3231 ut
1883 3163 2079 3232 ostendunt
2095 3163 2162 3234 tri-

1164 3267 1317 3340 stissima
1340 3266 1499 3358 exempla
1520 3265 1776 3358 praestantium
1797 3258 2006 3348 hominum,
2032 3262 2162 3350 Saulis,

1164 3369 1331 3454 Davidis,
1360 3362 1505 3452 Achab,
1536 3365 1733 3440 Alexandri
1757 3379 1791 3436 et
1816 3365 1968 3437 aliomm
1995 3367 2162 3438 innume-

1165 3471 1343 3542 rabilium.

1267 3585 1494 3661 Adsuefacite
1511 3585 1621 3674 igitur
1638 3608 1700 3654 vos
1717 3587 1761 3655 ad
1780 3587 1897 3677 legum
1916 3588 2162 3674 reverentiam,

1166 3706 1200 3764 et
1216 3693 1254 3761 iu
1268 3685 1324 3760 his
1338 3689 1514 3781 agnoscite
1531 3685 1598 3759 Dei
1612 3687 1821 3779 sapientiam
1839 3702 1874 3760 et
1890 3689 2123 3764 voluntatem.

1248 3845 1250 3851 v
1266 3807 1428 3900 Cogitate
1442 3808 1562 3892 ctiam,
1587 3819 1702 3878 totum
1716 3806 1878 3876 ordinem
1890 3807 2075 3900 politicum
2088 3831 2162 3881 esse

1166 3936 1256 4005 opus
1272 3912 1357 3997 Dei,
1383 3912 1480 4005 quod
1501 3910 1579 3981 vult
1596 3931 1669 3978 esse
1685 3909 1928 3979 testimonium
1946 3912 1991 3980 de
2008 3933 2101 3996 sese,
2127 3925 2163 3982 et

1166 4021 1210 4088 de
1236 4039 1298 4086 sua
1320 4014 1519 4106 praesentia
1542 4013 1581 4080 in
1605 4035 1731 4102 genere
1746 4007 1916 4083 humano.
1969 4007 2050 4083 Etsi
2065 4013 2162 4083 enim

1166 4118 1332 4189 diabolus
1355 4111 1522 4185 horribili
1544 4115 1666 4185 furore
1685 4113 1860 4184 dilacerat¹
1874 4113 2075 4186 societatem
2092 4110 2162 4186 hu·

1166 4244 1329 4304 menam,
1351 4232 1389 4287 et·
1402 4239 1547 4308 magnas
1563 4215 1812 4308 dissipationes
1827 4230 1862 4287 et
1878 4217 2092 4288 vastationes
2108 4214 2162 4287 fa-

1166 4323 1234 4409 cit,
1258 4322 1351 4392 sicut
1373 4321 1451 4411 lupi
1472 4341 1612 4410 gregem
1637 4318 1760 4389 ovium
1785 4318 2016 4410 dissipantes,
2041 4334 2161 4390 tamen

1165 4437 1207 4497 ut
1233 4437 1353 4517 pastor
1379 4421 1540 4492 defendit
1569 4433 1704 4512 partem
1727 4421 1860 4511 gregis,
1892 4418 1942 4490 ita
1966 4419 2063 4492 Deus
2085 4420 2161 4513 ipse

1167 4526 1392 4620 praesensio
1416 4547 1542 4615 genere
1566 4519 1724 4593 humano
1747 4536 1882 4614 partem
1905 4521 2062 4617 aliquam
2086 4545 2162 4592 ser·

1167 4641 1249 4716 vat,
1273 4643 1308 4700 et
1328 4627 1474 4718 depellit
1495 4627 1678 4710 diabolos,
1703 4637 1738 4694 et
1754 4625 1870 4696 aufert
1885 4646 2016 4714 organa
2033 4623 2161 4695 diabo-

1166 4733 1305 4816 lorum,
1337 4725 1502 4800 homiues
1523 4729 1768 4809 turbulentos,
1800 4725 2005 4814 seditiosos,
2037 4739 2161 4824 tyran-

1166 4837 1282 4906 nos'et
1295 4834 1462 4904 latrones.
2094 4830 2098 4845 ’

1269 4950 1367 5041 Quid
1384 4964 1436 5021 est
1451 4948 1606 5033 tristius,
1629 4971 1735 5041 quam
1752 4945 1828 5016 fieri
1844 4967 2017 5035 organum
2034 4945 2159 5018 diabo-

1165 5055 1212 5140 li,
1245 5053 1424 5124 turbantis
1447 5051 1611 5127 ordinem
1633 5048 1797 5118 divinum
1821 5046 1859 5117 in
1881 5069 2009 5138 genere
2029 5044 2159 5120 huma-

116 5159 210 5228 duos
225 5155 400 5227 tumultus
413 5167 449 5226 et
463 5155 586 5226 caedes
599 5153 762 5227 funditus
776 5157 965 5232 deleretur.
1015 5153 1114 5228 Haec
1164 5156 1240 5228 no?
1290 5152 1378 5226 Sitis
1399 5155 1509 5244 igitur
1527 5149 1696 5237 modesti,
1723 5162 1756 5220 et
1777 5145 1855 5220 Deo
1878 5151 2013 5243 pastori
2038 5165 2072 5221 et
2094 5173 2158 5220 cu-

115 5257 306 5330 manifesta
341 5255 480 5330 utilitas
517 5256 732 5348 intelligitur
765 5257 871 5329 etiam
908 5261 953 5332 ab
984 5259 1114 5350 agresti
1164 5257 1256 5330 stodi
1286 5256 1463 5326 societatis
1491 5248 1668 5323 hnmanae
1696 5253 1959 5347 obtemperate,
1993 5274 2038 5322 ne
2064 5251 2158 5324 fiatis

115 5358 371 5446 multitudine,
402 5371 438 5430 et
458 5357 653 5430 multomm
674 5360 813 5432 animos
832 5375 967 5448 movet,
999 5375 1041 5434 nt
1061 5361 1113 5432 le-
1137 5443 1140 5453 Ι
1164 5383 1295 5453 organa
1312 5357 1550 5432 diabolomm.

1437 5450 1521 5534 60*
