4888 5962
111 220 222 298 „769
727 215 1171 317 uuass'rlouas
1202 215 1611 310 tcauututca-'u
2065 237 2068 242 ’
2104 253 2198 330 -770

127 413 226 466 xnus
251 393 298 468 sit
319 385 420 486 talis,
453 409 493 468 ut
515 393 724 488 Diagonalis
748 391 849 482 AB,
879 391 1040 499 quin'que
1058 419 1146 518 par·
1200 393 1347 468 interlui
1369 387 1587 477 tumultuose
1608 389 1822 484 semiditdno
1841 431 1920 488 curu
1937 399 2117 516 madente
2131 450 2193 504 seu

137 499 233 570 tium
251 499 388 580 existat,
440 493 589 570 Constat
603 523 688 568 vero
703 521 744 568 ex
758 500 897 570 erudita
911 493 1145 572 'calculatsdne
1197 501 1364 592 septima,
1391 505 1458 576 sub
1472 508 1658 580 dulcisono
1675 527 1708 584 et
1725 497 1983 595 iucundissimo
2000 523 2179 622 Diapason

140 603 238 696 qnod
270 601 363 679 nulli
385 601 446 670 alii
470 595 611 672 numeri
633 623 696 696 per
717 602 921 694 quinarium
947 598 1014 674 hoc
1035 605 1143 674 modo
1195 599 1313 672 lluius
1342 606 1438 676 enim
1465 609 1633 700 septimae
1664 617 1814 690 maxima
1840 635 1891 694 est
1913 625 2133 706 dissonantia
2158 586 2192 710 el

138 703 427 794 coniungentur,
451 705 558 799 quarn
581 703 605 774 d
629 718 662 774 ct
688 701 724 777 4.
775 699 871 793 Ergo
890 703 921 773 A
938 701 967 775 C
984 706 1052 776 erit
1068 705 1092 776 8
1108 719 1143 776 et
1193 706 1487 800 deformitas,'ut,
1499 725 1644 808 propter
1667 717 1807 790 surium
1826 723 2106 806 incolumitatem
2125 756 2190 810 ne-

125 801 223 905 ·An
240 803 278 892 4,
294 805 364 901 qui
385 807 529 886 nurneri
544 819 636 876 sunt
658 805 803 888 urreisi
822 807 1066 900 sesquitertiae
1081 831 1139 878 ra-
1191 827 1287 878 cesse
1313 809 1357 881 sit
1382 803 1451 880 hoc
1472 812 1721 906 intervallum,
1754 820 1868 896 Pausa
1892 829 2126 930 interrumpi,
2159 842 2190 912 si

125 909 302 1000 ‚tionis,a
316 905 1044 1003 quahecquadrangulumdenominatur.
1077 905 1141 980 au

138 1011 252 1102 igitur
269 1009 390 1098 Pluto,
424 1014 520 1105 quod
544 1011 582 1080 iss
598 1010 793 1093 universali
809 1011 1006 1085 mutatione
1021 1013 1139 1100 legum

137 1131 173 1184 et
188 1128 344 1184 statuum
360 1114 615 1206 imperiorum,
644 1114 680 1182 iu
696 1113 826 1206 quilms
842 1127 893 1183 est
908 1113 1138 1208 principium,

135 1215 316 1295 medium,
344 1215 444 1300 linis,
471 1215 562 1294 ratio
586 1213 785 1298 dulcisoni,
810 1211 1056 1299 Diatessarou,
1083 1237 1138 1285 se-

135 1321 298 1390 cuudum
317 1311 380 1386 has
397 1329 468 1388 tres
485 1314 655 1412 periectas
675 1315 937 1392 vicissitudines
954 1331 1008 1388 ter
1022 1333 1136 1399 aucta,

126 1421 312 1514 'producat
332 1421 420 1489 duas
443 1419 702 1490 diversissimas
729 1411 951 1503 harmonias,
975 1420 1050 1489 sive
1071 1443 1137 1510 po-

125 1524 209 1596 tius
232 1519 488 1610 dissonantias,
513 1517 645 1616 prioris
668 1517 877 1592 harmoniae
899 1521 1137 1608 dulcedinem,

125 1643 170 1698 'et
188 1623 386 1700 naturalem
403 1644 614 1696 consensum
633 1623 836 1708 turbantes,
861 1621 1037 1716 simulque
1056 1647 1135 1693 eae-

133 1731 218 1798 dem
244 1727 441 1798 ascendunt
460 1727 554 1804 ultra
577 1739 691 1796 totum
714 1723 917 1816 Diapason',
947 1727 1135 1795 dissonan-

123 1843 206 1911 tes,
242 1841 477 1922 avertuntque
507 1851 569 1898 sua
599 1827 816 1899 clamositate
839 1853 963 1897 omnes
989 1823 1134 1898 harmo-

132 1933 234 2018 nias,
259 1955 349 2028 quae
372 1929 570 2002 sunt'inlra
589 1929 765 2020 Diapasuu
785 1929 1073 2019 perfectissimae,
1099 1945 1134 2002 et

122 2049 283 2130 ‘propter
306 2057 476 2112 sonorum
501 2032 708 2121 gravitatem
731 2031 947 2100 molissimae
969 2033 1134 2102 modula-

130 2121 256 2226 tibnis,
272 2130 1132 2230 utliquetex19.sectioneAristot.Problern.50.

125 2236 330 2314 Communi
344 2237 489 2332 quidem
504 2236 733 2334 persuasione
747 2249 926 2328 oporteret
934 2231 1130 2332 Respubli-

124 2348 192 2413 'cas
215 2339 411 2434 plurimum
435 2353 553 2410 austas
576 2337 725 2422 llorere,
749 2338 839 2408 etin
859 2331 1005 2409 honesta
1023 2339 1130 2408 disci-

129 2445 232 2539 plina
256 2441 404 2512 colenda
426 2465 500 2511 esse
523 2437 787 2530 diligentiores,
821 2457 966 2532 propter
989 2441 1131 2510 diutur-

122 2565 219 2617 mam
242 2541 553 2629 consuetudinem,
585 2545 646 2612 sed
669 2541 887 2612 contrarium
910 2539 985 2612 fieri
1007 2543 1130 2612 asserit

130 2647 238 2720 Plato
267 2647 375 2718 etiam
403 2645 440 2715 in
465 2645 599 2738 optima
621 2639 763 2736 Repub.
786 2657 820 2713 et
844 2643 978 2736 optime
999 2667 1129 2714 curave-

124 2749 250 2821 ·nienti
279 2749 462 2832 naturae,¹
479 2749 587 2842 idque
614 2747 665 2818 ait
694 2745 769 2816 lieri
796 2747 947 2815 naturali
974 2747 1128 2839 quadam

124 2853 377 2924 ¹conversione.
432 2849 520 2922 Nam
544 2847 638 2919 iuter
655 2849 825 2940 perlectas
842 2842 1046 2917 harmonias
1064 2875 1129 2916 ua-

124 2969 235 3026 turae
252 2954 356 3022 valde
372 2953 539 3024 convenit
554 2975 613 3036 ea,
637 2975 728 3042 quae
743 2963 794 3020 est
807 2949 1022 3044 sesquitertii
1038 2951 1128 3036 soni,

130 3081 196 3128 seu
220 3053 469 3139 Diatessaron,
504 3077 546 3123 eo
577 3054 672 3150 quod
700 3075 839 3144 seruper
865 3053 988 3121 molles
1016 3078 1129 3138 vocas,

43 3175 45 3178 ’
130 3173 174 3230 ut
192 3157 260 3244 Fa,
285 3157 480 3242 naturales,
502 3153 557 3226 Re
573 3153 655 3239 Sol,
682 3179 847 3238 susscsrus,
874 3151 928 3222 Mi
944 3153 1014 3234 La,
1040 3181 1128 3224 cou-

128 3263 274 3352 iungat:
309 3259 357 3330 ita
385 3273 433 3338 ut,
452 3281 555 3332 voces
579 3253 674 3348 ipsae
699 3251 790 3326 nihil
817 3257 910 3326 inter
932 3281 968 3325 se
993 3257 1127 3326 discre-

122 3378 239 3458 pent,
265 3363 325 3432 sed
350 3378 473 3431 omnes
493 3359 626 3452 optime
645 3359 859 3452 conveniant
874 3360 917 3427 acl
936 3357 1074 3426 dulcem
1091 3375 1127 3430 et

129 3466 330 3537 naturalem
346 3485 494 3548 sonum,
518 3463 609 3530 sicut
625 3473 661 3530 et
675 3456 742 3552 ipsi
755 3459 928 3552 agricolae
945 3461 1126 3532 oblectan-

120 3583 183 3640 tes
197 3589 308 3662 equos
321 3579 476 3636 aratrum
493 3557 690 3643 trahentes,
715 3577 867 3633 utuntur
881 3561 1001 3656 aliquo
1018 3565 1124 3635 modo

128 3667 199 3742 hoc
215 3669 294 3740 soni
313 3665 501 3738 intervallo
516 3679 641 3736 natura
659 3668 758 3737 du'ce.
807 3662 876 3736 Sed
894 3679 933 3734 ut
947 3681 1124 3756 appareat,

124 3773 358 3846 Diatessmm
384 3795 457 3840 uun
477 3773 583 3838 morlo
602 3791 665 3858 per
681 3789 717 3835 se
733 3765 961 3836 dulcisonaus
978 3793 1052 3834 csse
1068 3793 1135 3834 sum

126 3873 339 3958 tervallum,
365 3894 488 3942 verum
510 3869 650 3940 dulcem
669 3893 811 3962 quoque
827 3885 860 3938 et
875 3891 1036 3952 suavem,
1063 3895 1123 3938 ve-

124 3991 342 4070 nustamque
365 3969 609 4048 harmoniam,
635 3969 786 4064 araxime
808 3993 913 4060 supra
937 3967 1123 4060 Diapente,

1192 909 1386 1004 aliquando
1403 915 1600 987 cantilenae
1614 923 1752 992 extrudi
1770 949 1843 996 non
1859 941 1985 1024 potest.

1207 1158 1217 1176 ο
1295 1057 1390 1132 Haec
1402 1077 1440 1134 ut
1453 1061 1490 1132 in
1503 1065 1659 1140 numeris
1668 1089 1869 1163 cernantur,
1895 1081 2188 1182 ratiosesquiter-

1190 1173 1264 1279 tra,
1279 1187 1369 1259 quae
1385 1180 1436 1234 est
1452 1165 1683 1252 diatessaron,
1711 1187 1765 1244 ter
1780 1198 2025 1274 componatur,
2051 1206 2086 1262 et
2101 1217 2186 1285 pro-

1190 1263 1281 1333 drhrt
1308 1265 1416 1357 dupla
1439 1273 1667 1358 superdecem
1691 1277 1848 1368 partiens
1869 1283 2053 1374 vigesimus
2073 1298 2185 1390 septi-

1190 1388 1283 1464 mas,
1310 1392 1400 1462 quae
1426 1372 1586 1444 consistit
1610 1375 1704 1446 inter
1720 1367 1956 1470 duoscubos,
1981 1414 2110 1488 nempe
2133 1399 2184 1475 dd

1188 1481 1221 1536 et
1244 1465 1307 1544 27.
1359 1467 1497 1574 (ἱειιιΙαιιῑ
1526 1474 1636 1564 igitur
1662 1477 1839 1560 intereos
1861 1490 1937 1560 duo
1960 1496 2079 1568 medio
2102 1500 2182 1574 loco

1188 1571 1481 1664 proportionalia,
1508 1569 1576 1648 huc
1590 1572 1709 1662 modo,
1734 1583 1797 1670 64,
1812 1583 1874 1674 48,
1891 1591 1951 1678 sd,
1968 1597 2032 1672 27.
2083 1597 2183 1678 Con-

1186 1671 1347 1742 lerantur
1361 1687 1477 1744 autem
1496 1675 1613 1770 primo
1630 1695 1698 1754 tres
1710 1689 1849 1758 numeri
1860 1695 2078 1794 quicunque,
2105 1691 2182 1778 mass

1186 1755 1246 1844 dio
1279 1790 1458 1870 exempto,
1491 1794 1524 1852 et
1550 1775 1760 1856 habebimus
1785 1791 1980 1884 rationem,
2014 1824 2181 1898 quaeest

1184 1875 1390 1948 semiditoni
1421 1904 1501 1950 cum
1530 1880 1718 1976 Diapente.
1786 1889 2028 1977 Conseruntur
2057 1921 2179 1998 postea

1185 1979 1331 2048 extremi
1350 1983 1488 2052 nuuseri
1508 1982 1556 2058 64
1574 2001 1607 2056 et
1623 1987 1687 2070 27,
1713 2003 1746 2060 ct
1766 1985 1975 2074 habebimus
1990 2009 2178 2096 rationem,

1184 2105 1274 2173 quae
1289 2079 1528 2174 estDiapason
1540 2112 1621 2158 cum
1635 2091 1862 2172 semiditono.
1913 2099 2053 2180 Horum
2067 2112 2179 2202 igitur

1184 2183 1338 2253 duorum
1361 2187 1568 2274 modorum,
1593 2204 1633 2262 ut
1655 2192 1810 2268 violenta
1832 2199 1928 2274 inter
1949 2207 2044 2300 ipsos
2060 2214 2178 2291 disso-

1184 2285 1305 2354 nantia
1321 2289 1583 2376 consideretur,
1609 2299 1840 2372 ascendamus
1855 2307 1970 2394 primu
1985 2333 2050 2403 per
2065 2320 2176 2409 septi·

1183 2411 1277 2464 mam
1294 2385 1375 2458 exI'
1389 2403 1426 2460 ut
1444 2390 1479 2460 in
1491 2389 1521 2462 F
1531 2393 1565 2462 sa
1580 2407 1631 2480 ut,
1656 2413 1775 2488 postea
1791 2425 1832 2472 ex
1846 2397 1913 2480 hoc
1925 2435 1989 2502 per
2000 2417 2176 2496 staciusam

1181 2492 1410 2562 ascendamus
1427 2516 1538 2588 usque
1551 2495 1594 2564 ad
1612 2499 1820 2580 excellentes
1837 2506 1874 2576 iu
1890 2515 1974 2584 sala
1988 2519 2099 2606 mire,
2124 2523 2177 2594 si-

1182 2591 1257 2660 mul
1274 2591 1382 2682 igitur
1398 2595 1608 2668 sustamtibus
1626 2593 1753 2671 horum
1772 2606 1881 2678 trium
1898 2612 2058 2692 lucorum
2077 2627 2174 2696 voci—

1180 2691 1247 2762 bus
1268 2695 1453 2766 audiemus
1470 2697 1589 2768 dirum
1605 2701 1799 2788 ululatum,
1827 2709 1900 2782 imo
1915 2716 2087 2794 clamores
2101 2725 2174 2800 La-

1180 2787 1362 2886 pitharum
1377 2795 1701 2892 etCeutaurorum,
1725 2805 1819 2879 inter
1832 2836 1870 2884 se
1886 2817 2047 2909 dissono,
2073 2831 2173 2900 vario

1180 2911 1215 2966 et
1231 2898 1381 2967 deformi
1398 2901 1516 2992 rugitu
1531 2919 1713 2982 certantes.
1767 2907 1863 2984 Haec
1875 2930 1971 2992 tanta
1983 2925 2172 3001 dissonan-

1182 2999 1227 3069 tia
1252 3026 1324 3074 nou
1350 3015 1487 3074 tantum
1510 3003 1710 3096 aMusicis,
1736 3016 1796 3082 sed
1815 3017 1921 3088 etiam
1939 3025 1984 3096 als
2001 3031 2172 3104 omnibus
2279 3063 2281 3072 ¹

1179 3103 1385 3189 cantoribus
1401 3107 1491 3176 male
1506 3107 1616 3192 audit,
1642 3113 1749 3184 distat
1765 3117 1858 3188 enim
1875 3145 1894 3190 a
1912 3119 1942 3196 Γ
1956 3143 1995 3200 ut
2009 3131 2171 3210 decima..
2268 3171 2272 3190 ·

1178 3219 1284 3280 sexta.
1344 3201 1546 3308 Diligenter
1570 3209 1679 3301 igitur
1701 3219 1961 3313 consideretur,
1996 3225 2059 3306 bas
2082 3238 2170 3310 duss

1178 3305 1430 3394 dissonantias,
1457 3335 1529 3382 non
1553 3312 1762 3406 simpliciter
1776 3345 1891 3412 perse
1908 3353 1981 3401 esse
1996 3335 2169 3426 dissonas,

1178 3409 1237 3477 sed
1253 3409 1359 3528 etiam
1377 3409 1470 3484 inter
1486 3437 1522 3484 se
1536 3430 1705 3512 tanquam
1720 3423 1792 3494 duo
1807 3429 1957 3518 pessima
1974 3438 2065 3512 mals
2081 3467 2169 3514 con.

1178 3525 1302 3628 traua,
1342 3513 1512 3584 acerrime
1548 3541 1720 3608 pugnare:
1758 3551 1827 3621 qua
1867 3536 2018 3611 maxims
2050 3567 2168 3634 pugna

1176 3629 1325 3704 strepuu
1348 3627 1382 3683 et
1401 3617 1574 3702 tumultu,
1601 3645 1724 3692 omnes
1742 3629 1851 3697 totius
1864 3635 1976 3706 scalam
1992 3657 2072 3714 cum
2088 3647 2167 3716 dia-

1176 3729 1332 3784 tessaron
1355 3715 1509 3808 optimae
1533 3713 1758 3812 harmoniae,
1784 3753 1858 3800 non
1876 3727 1986 3810 modo
2010 3747 2084 3814 non
2102 3771 2167 3818 su·-

1175 3816 1342 3902 diuntur,
1363 3819 1422 3888 sed
1441 3843 1584 3910 prursus
1596 3821 1800 3898 obruuntur
1812 3846 1847 3903 et
1863 3834 2056 3920 intereunt.

1278 3966 1330 4040 lta
1352 3969 1403 4040 ait
1417 3968 1536 4070 Plato,
1562 3997 1706 4066 prorsus
1728 3977 1858 4054 berlin
1873 3989 2005 4080 optima
2021 3983 2165 4090 Repub.

125 4079 361 4150 ascendamus
384 4099 426 4146 ex
441 4069 473 4144 Γ
488 4073 581 4144 utin
597 4069 632 4142 D
649 4071 702 4143 sul
718 4097 775 4158 re,
801 4097 840 4140 ex
858 4095 970 4165 eoque.
988 4072 1064 4140 luco
1083 4073 1120 4142 iu
1174 4093 1264 4166 quae
1279 4071 1431 4142 naturali
1449 4075 1558 4147 modo
1575 4078 1735 4165 perfecta,
1760 4091 1955 4163 usandum
1967 4105 2163 4176 ternarium

116 4181 187 4254 'Ge
201 4181 255 4250 sol
274 4203 311 4250 re
325 4193 376 4263 ut,
404 4189 438 4248 et
452 4176 638 4246 audiemus
652 4173 766 4244 tribus
782 4173 928 4243 vocibus
941 4173 1047 4244 simul
1063 4199 1122 4243 so·
1173 4197 1253 4243 cum
1276 4189 1375 4243 aucta
1400 4191 1470 4262 est,
1497 4176 1631 4266 profert
1653 4179 1721 4250 sibi
1740 4190 1936 4280 contraria,
1962 4205 2053 4292 quae
2071 4203 2165 4278 inter

119 4271 320 4368 nantibus}
343 4280 536 4350 admodum
553 4275 765 4348 concinnam
781 4289 817 4346 et
834 4275 1021 4368 perlectam
1038 4272 1121 4360 har·
1172 4297 1209 4345 se
1240 4275 1433 4364 pugnantia
1465 4277 1738 4366 violentissime,
1771 4285 1906 4364 uniunt
1933 4291 2164 4390 turbationes,

122 4385 308 4464 moniam,
356 4393 479 4473 utpote
518 4378 814 4450 concurrentibus
858 4377 1121 4467 perfectissimis
1172 4391 1209 4446 et
1224 4379 1349 4474 totales
1365 4379 1580 4451 mutationes
1596 4383 1711 4472 legum
1727 4401 1761 4458 et
1778 4389 2020 4486 imperiorum,
2071 4405 2163 4480 Cum

120 4486 345 4570 harmoniis,
370 4475 686 4578 quaesymphunia
703 4493 774 4550 tnta
790 4493 837 4548 est
856 4479 972 4568 imago
987 4473 1119 4550 heroici
1172 4491 1292 4549 autem
1321 4474 1358 4548 hi
1391 4481 1530 4550 nursseri
1560 4479 1612 4556 64
1634 4501 1668 4556 ct
1689 4489 1741 4560 27
1765 4496 1950 4581 proterunt
1971 4525 2028 4572 eas
2048 4508 2164 4580 diuu-

120 4591 380 4680 Magistsatus,
406 4607 489 4654 cum
521 4577 771 4672 pulcherrimis
788 4573 938 4675 ¹legibus=
964 4581 1120 4673 optimae
1171 4580 1330 4666 nasstias,
1356 4582 1762 4674 sssssltiplicautur'siuurl
1781 4593 1944 4686 interce,
1972 4627 2163 4698 procreau-

117 4681 362 4786 Reipublicae
373 4683 645 4764 consentientis,
669 4683 815 4752 utinlrs
830 4683 978 4755 dicetur.
1030 4682 1120 4755 Cas·
1171 4697 1223 4753 tes
1245 4705 1433 4752 numerum
1456 4706 1653 4772 annorum,
1679 4713 1750 4784 quo
1774 4693 1839 4766 ista
1863 4709 2040 4779 contraria
2062 4737 2162 4788 ever-

116 4811 244 4870 terum
262 4787 354 4862 haec
373 4787 493 4860 mollis
515 4799 549 4856 et
572 4784 802 4854 dulcisonam
826 4779 1012 4854 harmonia
1038 4805 1119 4876 per-
1171 4785 1281 4853 tentia
1303 4785 1397 4874 leges
1420 4800 1452 4855 et
1471 4773 1581 4858 status
1599 4787 1821 4886 Rerumpub.
1836 4803 2008 4890 existunt,
2035 4837 2114 4884 nem
2143 4845 2162 4892 e

113 4903 216 4972 {ecte
238 4895 435 4966 muntem
453 4887 599 4960 ternarii
617 4909 806 4959 numerum
823 4901 946 4966 aucta,
973 4911 1046 4956 rum
1063 4909 1116 4956 ss-
1168 4885 1271 4956 ΜΒ
1294 4911 1424 4972 aranos,
1449 4879 1588 4960 llorum
1606 4907 1739 4982 partem
1753 4899 1963 4994 subtriplum
1979 4843 2162 5006 supersil-

116 4998 289 5094 sequitur
309 4995 492 5064 meliorem
516 4986 756 5060 harmoniam:
782 5011 905 5058 versam
929 4987 991 5060 illa
1015 5003 1119 5059 aratu·
1171 4989 1381 5081 partientem
1405 4997 1562 5071 uctutas,
1587 4980 1753 5069 tribuunt
1774 5007 2031 5084 mutationibus
2052 5015 2161 5090 Prin.

116 5103 194 5180 reli
219 5099 384 5170 suctione
403 5093 625 5168 tenuastis
647 5092 686 5160 in
708 5089 955 5170 durissimam,
989 5103 1022 5160 et
1046 5087 1139 5184 (se-x
1171 5091 1374 5182 cipstuum,
1399 5115 1526 5183 nempe
1543 5091 1619 5168 sta
1635 5119 1766 5185 annos,
1789 5105 1919 5178 cubum
1935 5133 1975 5184 er
1991 5133 2071 5189 octo
2113 5125 2159 5194 ad

117 5205 285 5280 cundum
302 5195 523 5295 Pythagoraa
542 5187 761 5284 doctrinass)
776 5191 1017 5262 dissonantem
1034 5189 1118 5262 har·
1170 5217 1261 5286 quae
1289 5197 1334 5266 ts
1366 5187 1499 5266 habent
1527 5197 1791 5290 sesquialteram
1823 5209 2008 5291 rationem.
2079 5173 2160 5294 llos

117 5307 307 5383 sunniam,
332 5305 487 5396 quaeest
498 5295 681 5388 Diapason
695 5319 775 5363 curn
793 5293 1026 5372 sesrsiditonn,
1055 5289 1118 5363 ha-
1170 5310 1238 5380 est,
1267 5297 1315 5368 12
1337 5291 1470 5366 habent
1493 5319 1530 5366 se
1554 5299 1597 5366 ad
1616 5298 1639 5368 8
1658 5313 1695 5370 ut
1710 5299 1734 5372 5
1750 5305 1793 5376 ad
1808 5311 1853 5392 2,
1879 5331 2044 5406 quaeest
2066 5326 2158 5398 ratio

116 5411 245 5487 benaia
264 5405 456 5486 rationem,
480 5401 571 5492 quse
588 5397 756 5482 essinter
771 5393 821 5466 bd
835 5411 869 5467 et
883 5391 1119 5470 sternuente
1170 5396 1283 5468 vividi
1297 5411 1331 5470 et
1344 5395 1536 5492 gestiendis
1549 5395 1738 5495 Diapente,
1762 5407 1883 5483 Status
1895 5415 2005 5508 igitur
2019 5434 2053 5494 et
2068 5423 2160 5520 leges

174 5515 356 5583 Marsua.
374 5511 479 5575 Orsa.
492 5503 578 5571 Vos.
592 5501 640 5571 X.
1636 5503 1688 5578 49
