4884 5950
280 214 357 296 963
761 208 1066 308 ALLOQUIA
1098 209 1175 288 ET
1205 207 1439 290 nuptus
1470 202 1827 299 CONCIONES·
2246 203 2327 280 964

267 388 352 486 ,lide
374 409 416 458 ac
429 383 613 478 diligentia
640 386 824 480 religionis
840 401 876 462 et
894 375 1114 479 optimarum
1140 386 1271 458 artium
1323 380 1458 474 randis,
1474 383 1644 478 operibus
1664 381 1878 468 delectatur,
1902 378 2031 452 ordine
2047 377 2212 450 videlicet
2226 400 2324 450 crea-

282 487 460 584 principia
485 481 553 560 hac
569 502 691 567 nostra
707 503 821 562 aetate
842 503 1025 586 utcunque
1040 488 1273 584 percepimus.
1325 487 1457 571 tionis,
1494 484 1670 556 mirandis
1693 483 1862 574 operibus
1884 481 2108 554 liberationis
2129 476 2322 562 Ecclesiae,

239 623 243 630 ·
283 587 438 684 Agimus
461 589 581 684 itaque
600 583 677 662 Deo
694 591 831 690 optimo
855 592 1010 663 maximo
1030 614 1176 682 magnas
1191 614 1275 681 gra-
1325 589 1402 684 ipsa
1430 587 1498 660 filii
1523 584 1592 661 Dei
1614 581 1837 666 obedientia,
1871 583 2097 677 copulatione
2120 581 2265 652 divinae
2288 595 2325 654 et

282 692 370 776 tias,
401 693 499 788 quod
531 691 644 786 ipsius
671 718 820 767 munere
847 694 996 785 contigit
1019 695 1125 766 nobis
1145 694 1185 764 iu
1208 688 1274 764 hac
1326 686 1504 763 humanae
1527 703 1692 778 naturae,
1724 685 2008 780 promulgatione
2028 683 2232 765 doctrinae,
2265 707 2323 754 se-

286 793 500 879 Academia,
516 793 673 886 primum
687 810 810 890 nostra
823 796 966 888 ingenia
981 797 1136 867 formare
1148 797 1192 866 ad
1208 796 1274 866 bo-
1326 792 1547 874 surrectione
1564 807 1599 864 et
1614 803 1745 872 morte,
1771 788 1914 881 praeliis
1929 801 1965 862 et
1979 785 2139 858 victoriis
2152 787 2323 856 adversus

286 917 504 980 nosmores,
529 887 565 968 et
589 899 634 970 ad
650 899 768 970 studia
785 893 957 984 honeste,
983 910 1018 972 et
1034 893 1212 970 Ecclesiae
1234 920 1275 966 ac
1326 893 1524 966 diabolum.
1576 890 1630 964 De
1653 885 1710 962 his
1732 890 1955 969 admirandis
1977 887 2204 980 spectaculis,
2233 899 2323 982 quae

284 995 521 1088 Reipublicae
542 997 646 1070 utilia
660 1025 701 1070 ac
720 1000 927 1072 necessaria.
978 998 1117 1072 Deinde
1132 998 1273 1089 agimus
1327 993 1632 1068 considerabimus
1658 991 1697 1066 in
1718 1005 1792 1066 tota
1813 991 2039 1073 aeternitate,
2070 988 2244 1062 Salomon
2265 991 2322 1060 lo·

285 1097 414 1191 gratias
429 1101 741 1197 praeceptoribus,
767 1103 864 1198 quod
884 1101 1070 1196 principiis
1093 1101 1272 1172 bonarum
1328 1098 1468 1192 quitur,
1499 1119 1580 1170 eum
1609 1090 1669 1166 hic
1689 1093 1758 1166 'aits
1789 1091 2013 1185 Sapientiam
2034 1092 2074 1162 in
2098 1091 2187 1162 orbe
2209 1106 2323 1164 terrae

285 1199 417 1272 artium
450 1191 517 1271 nos
547 1203 593 1272 ad
622 1203 857 1276 maximarum
889 1227 1009 1274 rerum
1034 1201 1275 1292 coguitionem
1330 1199 1467 1273 ludere.

285 1299 599 1396 praeparaverunt.
650 1301 802 1396 Agimus
828 1319 864 1376 et
888 1303 1019 1396 gratias
1044 1305 1125 1374 aliis
1145 1303 1277 1374 doctis-
1430 1297 1685 1372 Dulcissimum
1705 1307 1823 1368 autem
1845 1307 1917 1381 est,
1947 1294 2046 1390 quod
2068 1293 2138 1380 sit,
2170 1293 2322 1366 delecta-

287 1403 387 1476 simis
412 1417 457 1494 et¹
473 1401 678 1484 clarissimis
704 1407 808 1487 viris,
841 1419 877 1500 et
902 1401 1150 1490 Scholasticis,
1177 1405 1275 1499 quod
1325 1397 1446 1475 'tiones
1468 1402 1544 1472 eius
1560 1423 1634 1472 esse
1650 1400 1690 1468 in
1707 1394 1929 1473 hominibus.
1980 1395 2060 1468 Huc
2075 1410 2145 1484 est,
2172 1397 2325 1468 laetatur

152 1595 154 1598 Ι
288 1501 439 1576 honoris
470 1505 582 1576 nostri
615 1530 717 1578 causa
743 1522 902 1582 nostram
926 1507 1190 1599 promotionem
1212 1531 1274 1574 sua
1329 1503 1405 1597 ipse
1424 1503 1508 1572 liliis
1523 1500 1611 1587 Dei,
1634 1502 1734 1594 quod
1755 1498 2102 1599 pateiaeitseuobis
2153 1495 2326 1570 Patefecit

288 1606 489 1701 praesentia
519 1631 648 1678 ornare
678 1634 753 1683 non
785 1624 869 1681 sunt
893 1609 1090 1700 dedignati.
1140 1604 1195 1678 Ac
1222 1607 1278 1674 vi·
1331 1619 1450 1686 autem
1471 1627 1509 1675 se
1532 1601 1754 1697 promulgate
1777 1625 1880 1687 voce,
1904 1614 1940 1675 u
1962 1624 2025 1692 per
2045 1623 2166 1672 vocem
2178 1599 2324 1672 catelli·

290 1709 408 1804 cissim
430 1707 475 1778 iis
499 1710 761 1786 observantiam
786 1737 825 1784 ac
847 1711 961 1782 officia
983 1724 1105 1784 nostra
1132 1709 1279 1801 pollice-
1331 1730 1414 1786 cas,
1439 1705 1594 1778 restituit
1614 1703 1720 1774 nobis
1734 1703 1863 1788 vitam,
1885 1717 1921 1774 et
1934 1702 2254 1786 transformstnos,
2278 1713 2323 1772 ut

289 1834 384 1884 mur.
437 1805 534 1886 Diri.
1331 1806 1465 1880 Paulus
1479 1805 1630 1903 inquit:¹
1641 1803 1955 1877 'sranslormemur
1968 1805 2014 1874 ad
2029 1804 2178 1874 undem
2192 1801 2325 1891 imagi·

1333 1933 1435 1996 nem,
1458 1922 1499 1982 ut
1520 1922 1641 1981 nostra
1657 1907 1720 1980 lux
1735 1905 1781 1978 sit
1797 1905 1923 1984 similis
1937 1897 2050 2003 λόγῳ.
2098 1901 2191 1976 Cum
2205 1917 2328 1976 tantm

1335 2035 1391 2082 res
1426 2010 1465 2083 in
1496 2005 1553 2082 his
1586 2007 1716 2080 verbis.
1731 2006 1940 2080 &inmunis
1965 1995 2328 2100 comprehendantur,

288 2078 434 2206 Q
1014 2085 1068 2154 ²⁹·
1083 2081 1148 2154 ¹¹¹¹·
1164 2085 1261 2155 ¹⁵⁵⁴·
1335 2109 1462 2184 hortor
1489 2109 1687 2194 studiosos,
1718 2121 1761 2180 ut
1787 2133 1827 2178 ea
1856 2107 1915 2202 pie
1936 2106 2181 2194 considerent,
2213 2121 2250 2180 et
2270 2107 2328 2178 di-

359 2265 394 2324 h
412 2264 578 2338 Quenoa.
593 2265 629 2322 ὦ
645 2265 738 2322 mm
754 2263 833 2320 “mg
850 2285 879 2340 p.
891 2263 973 2323 m,
985 2285 1045 2340 m·
1335 2227 1452 2298 scant,
1476 2208 1536 2284 hic
1550 2211 1659 2282 simul
1673 2210 1814 2292 ostendi
1829 2223 1864 2280 et
1877 2209 2078 2282 doctrinam
2093 2211 2139 2282 de
2154 2210 2231 2280 lilio
2245 2207 2327 2296 Dei,

309 2381 312 2389 .
1180 2377 1183 2386 .
1336 2329 1371 2388 et
1384 2313 1627 2386 commendari
1640 2311 1996 2384 nobisMinisterium
2011 2307 2228 2386 hacsumma
2242 2335 2327 2382 cau-

293 2395 425 2466 omm
460 2397 629 2468 *θάψω
664 2413 690 2464 ⁰
720 2393 770 2466 D·
809 2395 1019 2466 mmm
1061 2390 1285 2486 emmila
1336 2441 1392 2502 sa,
1417 2419 1511 2512 qnod
1535 2416 1610 2508 ipse
1624 2413 1738 2486 Filius
1760 2413 1828 2484 Dei
1847 2413 1941 2486 adsit
1961 2413 2041 2482 voci
2057 2409 2268 2502 Evangelii,
2293 2426 2327 2484 et

310 2503 481 2588 mit)
504 2499 547 2569 ⁸⁶¹⁸
567 2497 770 2568 mmm
793 2493 920 2569 TW·
941 2493 1003 2572 29·
1024 2494 1088 2568 ³⁸⁸⁰
1108 2499 1267 2569 IWW·
1337 2521 1382 2590 sit
1396 2541 1460 2612 per
1475 2541 1551 2586 eam
1566 2517 1711 2586 efficax..
1747 2509 1957 2594 Oro'sutem
1973 2513 2089 2606 ipsum
2106 2511 2327 2600 FiliumDei,

689 2619 752 2669 att.
781 2593 889 2673 15⁵4.
1336 2619 1534 2692 Dominum
1556 2631 1718 2690 nostrum
1732 2613 1847 2688 lesum
1863 2609 2065 2700 Christum,
2091 2628 2219 2686 utnon
2236 2616 2328 2688 sinat

291 2697 475 2787 Ueientum
502 2723 554 2785 est
580 2713 619 2784 iu
647 2715 842 2789 testimonii
870 2717 1159 2804 renunciatione,
1186 2709 1285 2790 utet
1335 2721 1447 2792 deleri
1477 2719 1715 2790 ministerium
1737 2713 1943 2807 Evangelii,
1976 2719 2036 2788 sed
2060 2739 2200 2808 super
2223 2718 2327 2788 etiam
2435 2751 2436 2760 κ

292 2836 360 2888 nos
379 2817 516 2912 aliquid
539 2815 717 2904 dicamus,
742 2817 874 2912 quibus
892 2819 1135 2896 testimonium
1152 2817 1285 2892 tribui·
1339 2825 1376 2894 in
1398 2817 1456 2892 his
1477 2821 1685 2911 regionibus
1704 2832 1740 2890 et
1759 2819 1886 2890 vicinis
1906 2817 2050 2909 coll'gat
2063 2833 2244 2890 aeternam
2258 2815 2328 2890 Ec-
2435 2813 2436 2820 '

291 2929 363 2990 tur.
415 2917 500 2991 ldeo
523 2932 564 3004 pt
578 2919 829 2992 consuetudini
848 2915 1016 2992 honestae
1031 2923 1285 3012 obtemperem,
1337 2925 1502 3009 clesiam,
1527 2938 1562 2996 et
1577 2923 1750 3012 gubernet
1764 2933 2060 2992 menternostras·

155 3045 158 3050 ·
292 3022 409 3092 dicam
431 3021 476 3091 de
490 3019 693 3092 dulcissima
708 3021 882 3094 sententia
896 3021 1101 3095 Salomonis
1118 3019 1157 3092 in
1171 3019 1285 3116 capite
1438 3023 1534 3098 Toto
1556 3023 1662 3096 etiam
1684 3035 1825 3116 pectore
1847 3021 1978 3113 gratias
1995 3045 2061 3113 ago
2077 3017 2155 3092 Deo
2173 3035 2329 3112 aeterno,

294 3136 419 3194 octavo
437 3119 725 3198 Proverbiorum.
777 3119 849 3194 Ubi
873 3123 992 3220 inquit
1014 3124 1203 3218 sapientis:
1230 3119 1285 3193 Et
1338 3126 1435 3200 Patri
1457 3123 1605 3198 Domini
1627 3124 1740 3196 nostri
1760 3121 1840 3211 lesu
1856 3117 2012 3206 Christi,
2035 3123 2216 3196 conditori
2239 3124 2329 3194 coeli

286 3219 358 3324 sui
381 3243 462 3294 cum
485 3245 526 3293 ιο
545 3220 711 3322 ortissu,
737 3217 870 3294 iudeus
893 3222 933 3296 in
950 3221 1035 3296 orde
1051 3233 1169 3294 terrae
1182 3247 1285 3312 snae,
1339 3242 1373 3305 et
1401 3215 1533 3314 te'crae,
1564 3223 1752 3307 hominum
1772 3239 1808 3298 et
1828 3215 2022 3311 Emlesias,
2050 3247 2125 3297 una
2146 3249 2231 3296 cum
2253 3225 2329 3302 filiu

296 3331 329 3394 el
350 3317 606 3396 delectationes
627 3330 823 3408 mene‘enm
831 3319 936 3418 filiis
950 3317 1155 3403 bantinum.
1207 3321 1286 3398 Etsi
1338 3355 1422 3416 suo,
1445 3327 1602 3409 Domino
1623 3341 1746 3400 nostro
1771 3323 1849 3412 lesu
1865 3319 2027 3412 Christo,
2052 3341 2089 3404 et
2101 3322 2240 3417 Spiritu
2262 3349 2328 3400 suo

295 3440 414 3498 autem
431 3423 630 3518 amplitudo
646 3417 755 3496 huius
770 3420 966 3498 sententiae
982 3452 1057 3498 uon
1073 3441 1188 3522 potest
1204 3429 1287 3508 hre-
1339 3447 1479 3524 sanctu,
1509 3431 1603 3525 quod
1627 3430 1819 3502 clementer
1838 3423 2035 3500 Ecclesiam
2054 3427 2123 3499 sibi
2144 3427 2240 3498 inter
2261 3451 2330 3500 nos

295 3527 387 3599 viter
404 3525 583 3618 enarrari,
608 3540 643 3598 et
664 3524 801 3620 prolixa
816 3527 930 3616 oratio
945 3523 1030 3603 huic
1045 3531 1196 3622 tempori
1211 3555 1288 3622 nou
1340 3535 1491 3624 colligit,
1514 3546 1550 3606 ct
1564 3526 1655 3608 mihi
1671 3555 1751 3606 cum
1766 3529 1961 3616 aliamulta
1977 3531 2072 3604 bona
2087 3529 2229 3610 tribuit,
2248 3543 2328 3600 turn

297 3623 480 3722 congruit,
512 3639 632 3699 umen
658 3629 764 3699 etiam
789 3629 907 3702 brevis
927 3631 1220 3704 commonefactio
1242 3633 1287 3716 de
1340 3661 1424 3714 vero
1445 3634 1552 3706 etiam
1565 3627 1751 3722 Evangelii
1774 3630 2033 3722 cognitionem,
2054 3643 2091 3702 et
2109 3655 2167 3703 me
2190 3631 2236 3701 ad
2259 3631 2330 3704 mi·

297 3743 370 3808 mm
394 3730 491 3802 dulci
507 3731 682 3803 sententia
698 3729 865 3802 studiosis
883 3733 1038 3824 prodest.
1089 3729 1214 3828 Aliqui
1231 3732 1288 3804 di·
1341 3735 1477 3810 nisterii
1500 3731 1707 3825 Evangelici
1735 3733 1936 3806 societatem
1963 3733 2124 3817 vocavit,
2156 3746 2193 3804 et
2215 3733 2331 3806 studia

168 3852 175 3862 ·
298 3846 394 3904 ctum
409 3828 613 3904 Salomonis
633 3843 770 3904 tautum
792 3835 1002 3914 deuterus
1026 3857 1111 3904 voce
1128 3833 1288 3928 promul·
1342 3864 1417 3910 mea
1438 3835 1595 3924 adiuvit,
1627 3849 1661 3908 et
1684 3859 1748 3906 oro
1770 3858 1851 3904 enm
1876 3846 2022 3926 pmpter
2040 3834 2173 3921 lilium,
2205 3834 2333 3908 Domi·

300 3948 398 4024 gatae
420 3933 604 4034 doctrinae
624 3933 839 4026 intelligunt.
897 3933 1045 4008 Constat
1067 3935 1163 4006 enim
1185 3920 1289 4010 Salu-
1341 3965 1430 4013 uum
1451 3953 1612 4024 nostrum
1633 3936 1748 4028 lesum
1764 3931 1966 4021 Christum,
1991 3949 2033 4008 ut
2054 3937 2248 4015 clementer
2268 3961 2332 4028 gu·

299 4047 443 4105 monem
473 4030 574 4136 loqui
601 4039 647 4106 de
674 4061 714 4108 ea
735 4035 928 4128 sapientia,
958 4061 1049 4132 quae
1071 4035 1228 4111 clamitat
1250 4035 1290 4110 in
1341 4043 1468 4116 bernet
1490 4053 1604 4114 totum
1620 4061 1764 4111 cursum
1777 4035 1871 4110 vi'tae
1886 4059 2004 4120 meae,
2028 4051 2063 4110 et
2079 4061 2136 4111 me
2152 4037 2260 4113 iaciat
2275 4064 2335 4113 or-

155 4161 164 4174 ·
300 4137 422 4208 arduis
444 4137 532 4208 locis
551 4137 707 4212 urbium.
758 4135 833 4209 Alii
852 4164 935 4228 vero
951 4137 1232 4230 interpretantur
1245 4141 1289 4212 de
1341 4167 1472 4236 ganum
1484 4142 1638 4240 ululare
1651 4137 1849 4232 Ecclesiae,
1872 4138 2012 4213 animae
2028 4162 2127 4224 meae
2141 4153 2176 4212 et
2189 4141 2334 4234 patriae.

300 4237 375 4310 filio
392 4236 481 4323 Dei,
506 4239 590 4337 quia
611 4238 664 4310 ibi
685 4237 833 4314 dicitur:
859 4235 910 4335 Et
927 4239 978 4310 lui
998 4265 1079 4310 cum
1095 4266 1136 4310 en
1151 4239 1290 4340 artilex.¹
1342 4245 1438 4322 Dixi.

300 4339 532 4414 Manifestum
560 4353 630 4426 est,
660 4365 741 4411 cum
771 4341 816 4410 de
841 4341 1014 4432 sapientia
1034 4337 1101 4418 Dei
1125 4343 1290 4422 creatrice

301 4444 459 4542 dicatur,
481 4465 555 4512 non
568 4452 706 4550 tantpm
719 4423 975 4534 promulgatam
990 4468 1110 4513 vocem
1127 4443 1291 4534 intelligi,
1589 4529 1593 4540 Ι
2205 4519 2226 4538 ..

291 4545 364 4642 *sed
391 4545 508 4638 ipsum
531 4541 644 4614 lilium
668 4537 755 4626 Dei,
785 4545 848 4640 qui
869 4543 1125 4642 quia'prbtulit
1145 4571 1187 4616 ex
1208 4545 1291 4618 sinu
1349 4509 1524 4636 Q
2105 4513 2333 4642 ¹Q

304 4645 439 4719 aeterni
462 4644 716 4737 patuswocem
734 4639 918 4740 Evangelii
928 4647 1293 4738 ,‚promulgata·voce
1412 4689 1445 4747 h
1459 4687 1591 4746 Metaon.
1605 4687 1786 4744 Oculorum
1797 4685 1832 4742 T·
1844 4685 1880 4742 v·
1893 4703 1920 4759 p.
1934 4687 1977 4754 ¹0,
1993 4685 2023 4742 ἰ,
2036 4683 2221 4742 orationibus
2233 4695 2337 4758 W

306 4749 498 4838 patefactus
518 4758 588 4832 est,
612 4757 647 4815 et
666 4745 764 4816 adest
784 4746 984 4818 ministerio
1007 4749 1104 4818 vocis
1119 4763 1293 4836 externae,
1447 4759 1499 4815 mis
1516 4779 1543 4832 p.
1558 4761 1625 4832 tuq.
1638 4769 1665 4812 es
1677 4755 1751 4830 apud
1764 4755 1892 4812 ttichnd.
1906 4753 1941 4809 Τ.
1955 4755 1989 4813 tl.
2002 4773 2030 4828 p.
2042 4754 2105 4811 892.

306 4860 342 4917 et
362 4871 424 4938 per
444 4849 480 4917 id
503 4861 556 4920 est
570 4849 705 4918 efficere
753 4845 813 4919 sic
827 4849 899 4942 ipae
914 4849 1031 4943 inquit
1045 4849 1282 5022 interrogatus

307 4945 572 5121 austu
592 4941 1130 5126 {statuebatur
1174 4905 1294 5126 aa
1345 4908 1629 5089 tuum,
1644 4899 2337 5092 ”sustinuissent

307 5153 374 5248 qui·
391 5153 436 5220 ab
459 5150 562 5220 initio
575 5077 664 5224 (ium
684 5077 849 5246 Ecilesia
863 5107 1045 5250 loquitur,
1069 5168 1103 5226 et
1122 5079 1198 5226 ehm
1210 5077 1296 5226 ioi’
1373 5106 1571 5207 ⁶⁰'91w’
1602 5107 1763 5183 P⁰l⁰n¹⁸⁸
1784 5113 1879 5210 εἷθ’)
1904 5107 2062 5214 Reqmi’
2095 5103 2174 5178 Μ·
2198 5105 2311 5176 M‘ffi·

307 5243 419 5346 ligit.¹
447 5249 519 5324 Hic
539 5253 687 5326 delectat
708 5269 863 5353 patrem,
885 5269 920 5328 ct
941 5257 1035 5327 ludit
1056 5256 1095 5325 in
1117 5257 1205 5330 orbe
1223 5269 1297 5328 ter-
1348 5235 1521 5330 Primum
1550 5281 1614 5353 ago
1643 5259 1773 5349 gratias
1797 5253 1873 5331 Deo
1895 5257 2154 5350 omnipotenti,
2196 5274 2336 5332 aterno

296 5381 392 5457 rrae..
431 5353 501 5427 Hic
517 5353 611 5428 filius
625 5379 644 5426 a
659 5367 758 5450 patre
773 5355 952 5451 diligitur,
977 5370 1012 5430 et
1025 5371 1125 5452 pater
1140 5360 1215 5438 eius
1227 5359 1297 5430 mi·
1322 5355 1447 5454 ,Patri
1469 5359 1618 5456 Domini
1639 5360 1753 5434 nostri
1773 5357 1856 5461 lesu
1869 5355 2024 5448 Christi,
2047 5359 2231 5438 conditori
2250 5361 2333 5436 coeli
2432 5373 2433 5398 ¹
