4884 5950
303 233 380 314 960

300 407 448 482 Utinam
469 427 697 476 moveremur
709 425 842 476 omnes
869 403 1081 474 tristissimis
1102 402 1301 492 commina-

255 537 261 550 ’
300 512 479 595 tionibus,
506 531 594 602 quas
607 529 676 577 vox
695 505 818 578 divina
836 505 1097 588 discordiarum
1113 507 1300 578 autoribus

278 603 469 684 minatur.
521 609 701 704 Scriptum
718 621 771 679 est
788 621 907 682 autem
933 610 1029 701 apud
1051 607 1298 680 Salomonem:

174 803 178 814 ι
300 716 371 790 Sex
395 717 461 786 ista
485 711 563 783 odit
586 709 783 798 Dominus,
810 723 851 784 set
871 712 1061 804 septimum
1080 711 1299 782 abominatio

301 833 352 900 est
375 818 515 888 animae
538 813 632 896 eius,
665 815 789 884 oculos
804 816 995 906 superbos,
1021 814 1180 904 linguam
1196 815 1300 884 falla-

302 942 397 1006 cetn‚
427 939 553 990 manus
571 915 793 990 effundentes
813 918 1040 1008 sanguinem,
1075 941 1135 988 cor
1164 911 1299 988 machi-

301 1047 391 1094 nans
420 1022 584 1104 fraudes,
625 1020 731 1111 pedes
757 1035 985 1112 properantes
1014 1023 1059 1088 ad
1083 1021 1299 1100 nocendum,

302 1138 425 1197 testem
452 1123 672 1195 mendacem.
740 1121 940 1214 Septimum
970 1145 1076 1207 vero,
1117 1125 1210 1216 quod
1248 1133 1301 1192 est

301 1225 521 1300 abominatio
538 1247 657 1294 coram
673 1223 767 1306 Deo,
795 1237 847 1295 cst
860 1224 991 1294 faciens
1012 1224 1225 1296 discordiam
1243 1223 1300 1292 in-

300 1345 356 1402 ter
384 1329 521 1400 fratres.
599 1321 734 1398 Contra
761 1351 845 1396 vero
877 1326 1080 1398 dulcissima
1110 1325 1299 1418 promissio

301 1432 431 1504 tradita
445 1442 499 1500 est
512 1429 573 1510 iis,
600 1430 664 1522 qui
679 1427 857 1521 publicam
873 1430 1101 1499 concordiam
1115 1429 1209 1502 tueri
1224 1443 1299 1500 stu-

300 1538 399 1610 dent.
451 1531 553 1604 Beati
570 1531 725 1624 pacifici,
751 1532 834 1626 quia
849 1531 913 1638 lilii
931 1531 999 1604 Dei
1021 1533 1256 1604 vocabuntur.

719 1741 884 1812 Precatio.

403 1883 590 1956 Postremo
613 1881 743 1952 scimus
767 1881 876 1951 vitam
904 1897 938 1953 ct
955 1883 1164 1973 sapientiam
1183 1877 1299 1952 homi-

301 2013 389 2061 nurn
405 2011 481 2057 non
504 2009 577 2054 esse
594 1984 758 2054 foeliccm
767 2033 779 2068 ,
807 1985 877 2052 nisi
898 1981 975 2054 Deo
995 2007 1061 2053 nos
1079 1986 1299 2076 gubernante

301 2109 336 2164 et
366 2091 524 2163 iuvante.
590 2084 753 2179 Cumque
781 2085 1053 2156 clementissime
1081 2088 1300 2181 praeceperit

299 2195 415 2278 Deus,
439 2205 480 2264 ut
495 2190 611 2282 ipsum
630 2189 853 2274 invocemus,
886 2202 920 2258 et
935 2189 1107 2259 auxilium
1126 2190 1299 2262 invocan-

299 2296 396 2369 tibus
410 2293 612 2388 promittat,
638 2290 728 2361 sicut
743 2289 913 2382 scriptum
930 2305 998 2360 est:
1021 2289 1137 2363 Petite
1153 2305 1188 2364 et
1203 2293 1298 2392 acci-

117 2403 122 2416 '
173 2403 177 2412 ¹
300 2397 417 2490 pictis.
459 2389 538 2464 Oro
547 2389 662 2464 Deum
678 2405 860 2462 aeternum
876 2407 1012 2485 patrem
1021 2391 1170 2465 Domini
1184 2397 1297 2466 nostri

300 2499 381 2572 lesu
394 2492 552 2581 Christi,
575 2496 797 2566 conditorem
814 2496 905 2566 coeli
921 2509 956 2566 et
970 2511 1102 2580 terrae,
1127 2511 1162 2567 et
1178 2491 1297 2568 homi-

298 2625 408 2688 mum,
432 2619 599 2671 unacum
615 2597 689 2668 blio
706 2621 771 2668 suo
790 2612 976 2670 coaeterno
997 2599 1158 2670 Domino
1174 2613 1297 2672 nostro

300 2701 381 2776 lesu
404 2697 566 2784 Christo,
599 2713 634 2770 et
660 2699 799 2794 Spiritu
822 2725 887 2771 suo
912 2715 1053 2786 sancto,
1084 2703 1219 2773 fontem
1240 2727 1298 2773 sa-

300 2805 475 2902 pientiae,
505 2789 666 2874 iusticiae
695 2815 729 2872 et
756 2801 869 2895 pacis,
906 2817 947 2874 ut
973 2817 1008 2874 te
1033 2805 1223 2892 gubernet,
1257 2830 1297 2875 ac

299 2911 405 2982 faciat
428 2921 463 2979 te
485 2929 657 2996 organum
681 2905 835 2976 salutare
855 2919 938 2977 tuae
963 2907 1121 2992 animae,
1155 2921 1190 2980 et
1208 2908 1298 2983 aliis.

214 3079 218 3088 .
299 3010 490 3084 Decetiam
505 3009 573 3080 tibi
587 3021 621 3080 et
634 3004 861 3079 charissimae
875 3009 968 3078 filiae
981 3033 1080 3080 meae
1092 3011 1296 3101 coniugium

218 3159 222 3168 ι
300 3115 455 3184 faustum
471 3123 505 3181 et
520 3111 644 3197 foelix,
672 3102 855 3182 conservet
872 3112 977 3182 etiam
1001 3107 1149 3183 honesta
1168 3113 1298 3199 studia,

269 3235 275 3248 ·
301 3239 341 3286 ac
356 3237 494 3308 semper
511 3214 550 3282 in
571 3207 630 3282 his
646 3213 854 3302 regionibus
871 3229 1015 3308 propter
1038 3214 1151 3284 filium
1170 3214 1298 3286 Domi-

300 3331 390 3388 num
410 3329 573 3386 nostrum
596 3312 712 3385 lesum
735 3310 939 3400 Christum,
971 3330 1006 3387 et
1022 3339 1084 3406 pec
1098 3339 1180 3386 cum
1195 3318 1298 3388 colli-

264 3494 267 3508 ,
301 3433 361 3511 gat
380 3430 560 3488 aeternam
577 3412 793 3501 Ecclesiam,
826 3429 861 3487 et
878 3439 953 3486 sam
971 3418 1049 3489 luce
1067 3441 1150 3489 suae
1165 3419 1298 3492 doctri-

301 3545 369 3603 nae
400 3531 434 3590 et
465 3518 605 3611 Spiritu
635 3531 755 3590 sancto
785 3532 900 3609 regat,
938 3535 973 3591 et
1013 3535 1183 3613 protegat·
1210 3518 1298 3592 haec

300 3614 455 3715 hospitia
480 3619 676 3708 Ecclesiae,
710 3635 854 3714 propter
879 3645 978 3692 suam
1003 3625 1173 3714 gloriam,
1208 3610 1298 3698 sicul

301 3725 437 3820 inquitc
470 3723 622 3820 Propter
645 3747 721 3810 me,
748 3737 893 3816 propter
916 3749 975 3794 me
997 3727 1142 3811 faciam,
1168 3741 1296 3798 utnon

300 3821 538 3921 blasphemer.

403 3974 462 4051 Ah
484 3977 639 4051 Domine
658 3977 739 4052 lesu
755 3973 916 4064 Christe,
940 3939 992 4048 fili
1007 3979 1073 4050 Dei
1097 3940 1188 4066 rivi,
1215 4005 1297 4051 cru-

795 225 1106 322 aunooma
1134 189 1220 304 nr
1243 223 1475 308 nervus
1507 229 1855 310 sonorosus.

2269 232 2350 310 960

1349 409 1480 498 Qrotc'o
1512 411 1679 482 cecitoto
1711 429 1737 480 o
1770 409 1882 484 Dect.
1918 408 2195 483 Tifemossso
2228 379 2351 481 lies·

1387 507 1551 602 fosseio,
1590 513 1834 600 Wecols‘erssi,
1859 510 1896 585 d.
1917 509 1978 588 tt.
1993 515 2094 586 Maii
2111 533 2176 586 aas·
2196 508 2313 587 lass.

1348 661 1394 752 N
1394 703 1442 749 on
1457 677 1607 750 dubium
1623 692 1676 751 est
1694 679 1869 772 singulari
1885 677 2036 752 consilio
2053 675 2122 754 Dei
2138 679 2177 750 in
2190 674 2351 752 Ecclesia

1350 781 1583 853 constitutum
1600 805 1693 869 csse,
1718 806 1765 853 ne
1786 782 1854 852 ulli
1869 782 2103 854 admittantur
2121 783 2167 854 ad
2182 777 2351 875 Evange-

1350 883 1392 952 lii
1408 883 1665 970 ministerium,
1697 885 1768 956 nisi
1789 889 1977 978 praecedat
1993 885 2188 978 exploratio
2207 910 2351 958 morum

1351 1001 1386 1058 et
1405 987 1598 1061 doctrinae.
1660 982 1714 1058 Ac
1729 987 1927 1082 optandum
1949 1002 2024 1058 crat
2039 1013 2118 1060 cam
2135 987 2351 1082 exploratio·

1350 1113 1433 1160 nem
1466 1089 1720 1181 gubernatores
1758 1091 1849 1164 serio
1884 1115 2029 1174 curare,
2070 1092 2110 1160 in
2145 1087 2350 1162 Academiis

1350 1193 1551 1285 exemplum
1565 1193 1694 1264 vetusti
1711 1191 1821 1264 moris
1836 1193 2028 1280 retinetur,
2050 1219 2132 1264 curn
2148 1193 2292 1287 publice
2310 1195 2350 1264 in

1351 1303 1494 1387 magna'
1512 1293 1709 1388 frequentia
1741 1295 1922 1387 disputare
1954 1309 1990 1368 st
2024 1296 2141 1366 dicere
2176 1297 2349 1386 cogimur.

1352 1395 1444 1482 Cum
1469 1395 1579 1488 igitur
1604 1399 1742 1484 deceat,
1773 1423 1830 1468 me
1854 1422 1930 1469 non
1953 1398 2121 1490 defugere
2135 1399 2352 1492 exploratio-

1352 1524 1455 1586 nem,
1482 1501 1548 1571 etsi
1561 1525 1637 1571 mea
1655 1499 1844 1572 infirmitas
1860 1496 1951 1572 mihi
1970 1525 2045 1571 non
2063 1501 2183 1592 ignota
2198 1517 2271 1587 est,
2298 1518 2350 1576 ta-

1297 1659 1306 1668 .
1352 1627 1435 1672 men
1451 1627 1525 1672 non
1542 1603 1703 1674 recusavi
1718 1616 1752 1674 et
1768 1603 1968 1695 disputare,
1993 1615 2027 1674 et
2042 1598 2202 1676 hocloco
2217 1605 2348 1680 dicere.

1351 1702 1429 1776 Hac
1449 1697 1566 1776 autem
1590 1729 1648 1776 me
1669 1705 1910 1778 consolatione
1932 1705 2119 1788 confirmo.
2144 1709 2238 1802 quod
2256 1709 2348 1778 scri-

1352 1820 1452 1900 ptum
1466 1820 1534 1880 est:
1562 1831 1603 1877 ex
1620 1831 1681 1878 ore
1694 1808 1886 1879 infantium
1903 1821 1936 1877 et
1950 1809 2153 1880 lactentium
2168 1809 2348 1900 perfecisti
2426 1879 2433 1904 ,

1351 1909 1506 1984 laudem.
1577 1907 1671 1980 Vere
1700 1933 1824 1980 sumus
1854 1909 2022 1984 infantuli
2056 1934 2191 1981 omnes.
2265 1910 2349 1982 Non

1353 2025 1468 2106 potest
1492 2012 1587 2082 enim
1613 2011 1755 2104 penitus
1780 2035 1924 2083 cernere
1944 2009 2060 2094 Deum
2084 2013 2196 2085 ullius
2211 2029 2349 2086 creatu-

1350 2137 1411 2184 rae
1428 2115 1612 2206 sapientia.
1663 2113 1734 2186 Sed
1750 2138 1893 2208 agamus
1909 2116 2038 2205 gratias
2056 2113 2155 2202 Deo,
2181 2117 2279 2210 qood
2295 2131 2348 2189 ta-

1351 2241 1432 2286 men
1449 2229 1484 2286 et
1498 2217 1667 2288 lactentes
1680 2242 1803 2290 sumus
1816 2242 1857 2288 ac
1871 2219 2070 2309 plantulae,
2097 2242 2188 2312 quae
2202 2219 2348 2290 aluntur

1351 2319 1440 2390 lacte
1456 2333 1490 2389 et
1505 2319 1632 2390 rivulis
1647 2320 1841 2412 sapientiae
1856 2319 1941 2406 Dei,
1967 2337 2007 2392 ut
2021 2321 2140 2414 aliqua
2156 2321 2195 2388 in
2211 2337 2347 2392 creatu·

1351 2422 1400 2490 ris
1415 2444 1497 2491 vera
1514 2419 1581 2491 Dei
1597 2421 1729 2492 noticia
1745 2423 1871 2496 luceat.
1923 2418 2002 2494 Oro
2017 2423 2127 2514 igitur
2141 2423 2256 2494 filiurn
2271 2423 2348 2510 Dei,

1350 2523 1547 2595 Dominum
1579 2537 1742 2596 nostrum
1780 2523 1894 2594 lesum
1918 2521 2125 2610 Christum,
2164 2539 2207 2596 ut
2232 2551 2288 2596 me
2314 2541 2347 2598 et

1350 2627 1441 2696 alios
1456 2627 1599 2708 doceat,
1624 2639 1660 2698 et
1672 2628 1862 2719 gubernet,
1887 2641 1923 2698 et
1934 2629 2042 2699 faeiat
2056 2651 2113 2698 me
2129 2651 2193 2698 vas
2208 2629 2347 2699 miseri-

1350 2728 1510 2815 cordiae,
1549 2741 1584 2798 et
1605 2753 1779 2822 organum
1805 2729 1958 2802 salutare
1980 2725 2159 2820 Ecclesiae
2188 2743 2225 2802 et
2251 2755 2346 2802 meae

1349 2831 1500 2904 animae.
1550 2828 1713 2928 Cumque
1735 2827 1793 2902 hic
1808 2855 1948 2904 necesse
1961 2835 2009 2904 sit
2024 2857 2082 2902 me
2097 2832 2236 2926 aliquid
2254 2836 2347 2904 dice-

1350 2957 1408 3018 re,
1433 2931 1531 3003 inxta
1544 2957 1680 3004 morem
1697 2931 1990 3020 Academiarum,
2016 2959 2089 3028 quo
2106 2933 2145 3006 fit
2162 2937 2346 3008 doctrinae
2432 2975 2433 2983 ι

1350 3035 1565 3128 exploratio,
1591 3037 1707 3106 dicarn
1731 3037 1868 3130 aliquid
1886 3039 1931 3108 de
1948 3031 2015 3108 hac
2037 3038 2249 3108 admiranda
2263 3063 2346 3109 nar-

1350 3139 1489 3208 ratione
1511 3139 1551 3210 in
1575 3131 1749 3208 lobanne:
1785 3135 1840 3207 Et
1860 3136 2005 3210 verbum
2022 3137 2269 3240 eorosactum
2285 3149 2346 3213 est.

1349 3235 1430 3312 Etsi
1454 3241 1550 3310 enirn
1575 3241 1730 3314 brevitas
1755 3241 1927 3337 temporis
1952 3267 2029 3312 non
2049 3244 2162 3316 multa
2184 3246 2346 3316 concedit

1350 3343 1491 3427 dicere,
1511 3356 1631 3431 tamen
1647 3367 1727 3414 curn
1742 3339 1848 3416 huius
1862 3357 1981 3418 tantae
1995 3345 2048 3416 rei
2063 3345 2228 3436 cogitatio
2243 3370 2346 3439 saepe

1350 3447 1539 3536 repetenda
1565 3446 1628 3526 sit,
1663 3467 1761 3517 nunc
1784 3471 1926 3542 quoque
1948 3463 2046 3540 grata
2073 3449 2117 3518 sit
2143 3443 2229 3517 haec
2246 3473 2345 3518 corn-

1351 3548 1567 3618 memoratio.
1627 3545 1736 3618 Nulla
1751 3563 1844 3620 aetas
1864 3551 1949 3620 satis
1960 3551 2072 3644 'longa
2087 3563 2136 3644 est
2148 3551 2193 3618 ad
2207 3545 2344 3620 exhau-

1349 3649 1511 3720 riendam
1529 3647 1748 3738 doctrinam,
1767 3675 1857 3746 quae
1873 3651 1912 3721 in
1926 3648 1994 3724 hoc
2010 3653 2105 3723 dicto
2120 3654 2344 3744 proponitur.

1349 3751 1420 3823 Sed
1444 3753 1484 3822 in
1509 3749 1664 3822 Ecclesia
1687 3755 1828 3826 coelesti
1857 3755 1896 3824 iu
1919 3769 1991 3826 tota
2013 3755 2223 3826 aeternitate
2253 3751 2345 3827 hanc

1349 3854 1556 3946 sapientiam
1579 3853 1775 3945 discemus,
1821 3851 1870 3927 Et
1886 3871 2005 3928 tamen
2023 3859 2101 3928 vult
2117 3853 2215 3927 Deus
2232 3858 2344 3942 initia,

1350 3971 1384 4028 et
1397 3957 1499 4051 quasi
1522 3957 1635 4048 prima
1653 3952 1839 4032 Elementa
1855 3960 1945 4030 disci
1963 3961 2001 4029 in
2018 3955 2084 4029 hac
2100 3961 2244 4032 mortali
2261 3961 2344 4046 vita,

301 4083 401 4155 ciliae
424 4105 490 4174 pro
511 4081 618 4152 nobis
646 4095 681 4154 et
711 4081 932 4166 resuscitate,
962 4082 1055 4152 sicut
1077 4097 1236 4174 precatus
1261 4107 1297 4153 es
1350 4059 1427 4129 lull
1450 4081 1517 4129 ¹¹⁰³
1538 4061 1583 4128 ‘¹⁰
1604 4059 1680 4129 5¹5⁰
1705 4073 1809 4132 ²²⁸l²⁸
1827 4071 1908 4133 ‘⁸⁸0'
1925 4077 2049 4134 “mim
2066 4063 2244 4134 “fitistiim
2268 4065 2345 4133 dli·

214 4239 225 4248 ·
300 4207 367 4280 pro
395 4184 519 4264 nobis,
558 4198 594 4256 et
615 4205 755 4276 semper
785 4179 878 4252 hane
906 4185 1144 4275 precationem
1178 4209 1296 4256 coram
1350 4161 1532 4246 b⁰l⁰f¹¹¹¹¹2
1557 4175 1592 4232 ⁰²
1612 4175 1735 4282 “fnlf?
1751 4187 1884 4254 “8³⁰⁸
1906 4189 2050 4250 mmm,
2077 4166 2246 4236 Videlicet
2256 4191 2343 4286 ‚⁰⁰⁰⁸

300 4301 444 4362 aeterno
459 4299 558 4378 patre
571 4288 708 4358 recitas.
750 4283 874 4371 Pater,
890 4287 1139 4372 sanctificaeos
1154 4288 1297 4361 inveri-
1351 4277 1559 4384 mimas
1573 4289 1649 4382 Ψ
1674 4265 1788 4384 filu-¹¹¹¹
1811 4281 2065 4387 θθΡθΜἾῑῑξῑι
2090 4291 2131 4337 ⁸⁰
2145 4291 2339 4375 Pfflffllffl‘v

300 4403 458 4466 caterua.
511 4387 583 4460 Fac
605 4403 647 4460 ut
666 4411 778 4458 unum
796 4389 867 4458 sint
888 4389 926 4458 in
943 4391 1067 4470 nobis,
1093 4391 1138 4460 sit
1153 4391 1296 4464 dilectio
1349 4379 1622 4485 (lmcfml‘affls
1644 4367 1835 4458 “hdwffl
1858 4385 2196 4456 ⁶⁰¹⁰¹¹¹¹¹¹¹³⁶¹¹⁰ll¹¹r
2221 4385 2339 4440 (ΟΜΝ

300 4509 362 4568 tua
378 4493 417 4568 in
438 4493 506 4578 eis,
532 4515 603 4585 qua
626 4515 684 4562 me
705 4490 843 4581 diligis,
862 4503 897 4562 te
912 4516 998 4580 aro,
1023 4504 1064 4564 ur
1080 4517 1218 4586 sempe,
1235 4507 1295 4566 gua
1348 4462 1540 4552 Ethnrcos,
1569 4465 1794 4592 Haereticos,
1828 4467 2100 4592 Mahpmetistas
2123 4486 2158 4544 et
2174 4469 2342 4566 Papistas.

300 4595 553 4668 gmgmggione
576 4617 643 4664 „03
667 4593 784 4677 iuves,
817 4607 851 4664 eg
876 4594 1041 4685 001qu
1074 4609 1109 4672 gg
1133 4609 1296 4687 protegas
1348 4567 1441 4641 Cum
1473 4585 1589 4641 autem
1620 4593 1732 4643 scmus
1761 4573 1951 4654 infantula,
1982 4599 2140 4666 prunum
2170 4575 2343 4646 vocabula

301 4721 440 4789 temper
462 4698 555 4771 inter
573 4720 640 4768 nos
652 4693 867 4783 Ecclesiam,
896 4711 931 4770 et
945 4721 1012 4768 nos
1028 4698 1067 4768 in
1084 4721 1124 4769 ea
1141 4699 1297 4768 clemen·
1348 4671 1536 4792 difflui·
1593 4669 1741 4744 cellum
1761 4669 1953 4796 ²⁸²,2‘5707
1974 4673 2208 4798 hl⁰l¹¹l⁸l¹lssl
2232 4679 2344 4748 fillum
2421 4763 2422 4770 ,

303 4813 497 4872 terream,
530 4795 660 4874 Amen,
710 4795 806 4868 Dixi,
1348 4774 1437 4860 Der,
1466 4799 1527 4869 qur
1545 4788 1596 4847 est
1612 4789 1938 4870 coaeterna‘rmago
1955 4777 2090 4864 Patris,
2115 4803 2182 4850 nec
2196 4795 2250 4852 est
2264 4803 2345 4850 nm·

1348 4878 1413 4947 bra
1430 4900 1659 4962 evanescens,
1681 4881 1743 4949 sed
1760 4904 1927 4972 persona,
1952 4905 2014 4952 seu
2028 4897 2067 4952 ut
2082 4883 2214 4954 rectius
2228 4880 2346 4953 Grae-

1339 4979 1381 5050 ci
1397 4979 1540 5064 dicunt,
1565 4973 1900 5076 ειιῦφιστᾶμινον.
1950 4981 2020 5056 Sed
2037 4985 2257 5070 mirumst,
2283 5008 2345 5056 cur

1349 5075 1434 5152 haec
1451 5105 1601 5174 persona
1620 5083 1828 5157 nominetur
1846 5079 1965 5186 λόγος.
2025 5081 2195 5180 Optarim
2211 5101 2345 5158 veteres

1347 5183 1387 5252 in
1403 5179 1469 5255 hac
1484 5183 1718 5278 explicatione
1732 5185 1839 5258 fuisse
1856 5187 2082 5282 copiosiores.
2133 5185 2292 5260 Basilius
2311 5201 2343 5259 et

1347 5281 1570 5378 Augustinus
1584 5302 1723 5360 tantum
1739 5281 1807 5360 hoc
1824 5289 1969 5363 dicuntc
1993 5289 2212 5364 Nominatus
2227 5285 2342 5392 λόγος,

1348 5389 1430 5484 qnia
1442 5389 1656 5482 cogitatione
1673 5391 1840 5468 nascitur.
1880 5391 1988 5466 Pater
2003 5395 2097 5464 enim
2109 5419 2185 5466 sese
2200 5397 2340 5466 intuens

668 5059 1136 5070 -u-——o—-u—-n—-a—-u—r-...n-
1148 5061 1154 5066 -
1162 5057 1291 5068 ...un—-

922 5199 925 5206 ’
972 5293 974 5304 ,
1058 5201 1297 5326 mansura

1077 5334 1290 5374 Nm

313 5234 382 5306 No.
407 5227 472 5304 27.

309 5329 483 5362 W

372 5441 404 5496 lu
419 5439 531 5512 Quaest.
549 5441 583 5498 ab
601 5439 693 5498 Ebero
709 5443 788 5502 editis
807 5463 835 5520 p.
853 5445 938 5501 ultr,
