4888 5962
279 217 365 312 600.

285 389 461 517 usu

1100 478 1269 510 Μ

299 535 314 672 ¹.
390 587 471 664 Apud
483 585 618 644 ¹Vincerat.
638 598 666 654 p.
686 582 735 636 141
754 599 797 654 sq.

584 746 719 816 Versus
744 737 990 834 Empedoclis.

292 897 415 968 Φοιτᾶ
430 889 468 968 el'
484 877 727 990 βρυτολοίγος
741 887 814 986 ἔρις
829 882 957 962 κενεὸν
972 888 1183 974 astansem,

292 995 395 1068 Vane
409 1017 540 1066 sonans
556 993 671 1064 adfert
685 1015 805 1063 saevas
821 991 999 1062 discordia
1018 990 1151 1064 caedes.

705 1149 769 1212 Vel
793 1121 855 1214 sios
984 1141 986 1146 ¹
1066 1163 1071 1172 ’

186 1335 197 1352 ,
294 1265 432 1340 Incedit
447 1266 578 1360 passim
594 1264 689 1334 mala
703 1261 748 1332 lis
764 1275 798 1332 et
815 1259 936 1330 inania
954 1260 1075 1350 garrit.

641 1409 746 1478 Aliud
765 1375 933 1476 distichoa.

295 1539 406 1614 Forte
422 1540 532 1611 cubos
549 1535 705 1628 primum
722 1534 840 1626 posuit
855 1557 936 1603 cum
951 1525 1066 1602 futilis
1082 1527 1225 1617 Abba,

349 1641 454 1712 Tune
467 1661 540 1710 sese
557 1631 729 1707 Monachi
743 1637 866 1706 ludere
883 1635 961 1704 iure
976 1647 1113 1726 putant.

676 1792 763 1856 ldeur
790 1789 920 1856 Graece:

300 1909 414 1992 ὅπου
454 1911 586 2006 πρῶτον
626 1899 772 2002 κύβους
811 1897 933 1998 βάλλῃ
966 1896 1055 1978 πότε
1084 1894 1232 2002 μάργος
1264 1894 1284 1974 ὁ

780 2093 783 2098 ,
809 2004 967 2130 ’Ἀββῑξςο
1042 2027 1044 2032 ’

347 2108 492 2202 παίζειν
507 2111 649 2210 οἰόνταο
662 2105 699 2180 οἱ
710 2103 872 2202 μοναχοὶ
885 2113 1059 2204 νομιμονί

299 2485 366 2557 Νο.
381 2486 471 2560 572.

305 2583 476 2612 Μ

1068 2575 1279 2614 Μ

398 2685 479 2758 Apud
498 2683 620 2741 vincent
650 2704 677 2756 p.
698 2683 757 2740 186.

325 2829 464 2918 Vererer
486 2846 650 2940 Oppiani
676 2841 724 2916 de
751 2841 888 2915 ardore
912 2847 1014 2918 inter
1045 2865 1196 2920 emtum
1221 2851 1262 2918 et

712 2968 873 3020 seruum.

290 3089 405 3166 ’Atto
422 3088 510 3166 ποσὶ
521 3093 736 3188 ’κραιπνοῖσι
750 3088 855 3164 θέων
870 3087 1016 3184 ἐκίχανε
1030 3089 1210 3180 θέουσαν,

298 3188 517 3293 φεύγουσαν
548 3188 709 3291 μάρπτει
743 3187 785 3266 δὲ
817 3189 881 3314 xqt
913 3189 1032 3290 ἀγκὰς
1067 3193 1139 3287 ἔχει
1169 3221 1285 3293 περα-

808 3317 867 3365 κοι
892 3317 927 3368 ν.

297 3429 378 3522 lpse
392 3377 536 3524 quidem
551 3449 675 3497 cervus
689 3425 841 3517 pedibus
856 3318 1039 3498 doloribus
1057 3428 1171 3522 ipsum

296 3529 389 3604 Cum
408 3530 499 3620 fugit
513 3528 730 3623 assequitur,
746 3527 908 3620 sistitque
923 3529 1105 3622 amplexus
1119 3545 1282 3604 emaum.

713 3757 1277 3782 ,,,..;......,..-.............,.............,,.

295 3909 365 3982 No·
381 3909 468 3986 873.
1100 3953 1153 3967 -
1178 3951 1228 3971 -

303 4005 475 4034 m
1062 4009 1275 4055 Μ

400 4111 479 4180 Apud
497 4111 579 4170 vioe.
599 4131 627 4184 p.
645 4111 694 4167 156
713 4129 755 4182 sq.

346 4222 348 4231 Ι
393 4275 453 4342 Es
474 4271 642 4362 oppiano
669 4267 718 4343 de
745 4270 946 4340 venatione
970 4269 1190 4347 Porciorum

294 4417 398 4492 Retia
414 4417 594 4507 nigrantes
607 4417 677 4486 late
693 4414 868 4505 cingentia
885 4415 995 4484 saltus

295 4519 388 4591 Acer
402 4520 558 4590 odoratis
573 4531 720 4586 venator
734 4519 878 4586 tendere
891 4514 1018 4588 Perdis

293 4616 470 4700 Extimet‚
496 4634 533 4692 ct
551 4619 672 4690 stricto
690 4619 835 4710 propius
850 4617 1054 4707 contingere
1069 4616 1177 4694 ferro.

295 4720 385 4790 Tam
400 4722 517 4796 tristes
532 4723 601 4790 iras
618 4721 774 4790 violento
789 4721 828 4788 in
844 4741 992 4809 corpore
1008 4735 1161 4801 versant,

295 4819 441 4894 lniracti
455 4838 497 4895 ut
510 4824 589 4894 telis
604 4845 816 4894 concurrere
831 4821 983 4890 sortibus
999 4821 1131 4892 ausint.

293 4922 405 5012 Saepe
418 4925 522 4996 etiam
536 4939 704 5016 superant
719 4949 793 4992 non
807 4921 928 5016 aequis
944 4921 1080 4991 viribus
1097 4917 1245 5013 bostem,

293 5021 388 5094 Dum
408 5025 503 5106 vater
520 5028 682 5096 extremis
697 5050 771 5096 sese
786 5023 1008 5095 concredidit
1023 5023 1143 5110 armis,

290 5123 338 5197 Et
355 5125 463 5196 nimis
476 5126 600 5198 insano
618 5127 791 5204 venabula
805 5123 961 5218 perdidit
974 5125 1059 5198 ictu.

291 5223 387 5321 Ergo
402 5229 486 5300 dolo
500 5240 638 5298 tantum
654 5231 784 5300 celeres
800 5229 1012 5311 vincuntur,
1038 5241 1073 5298 et
1087 5239 1170 5303 ante

291 5327 436 5402 insidiis
454 5330 648 5400 frenandus
663 5333 747 5417 erit,
770 5329 975 5424 qui'rubore
993 5327 1087 5398 vinci

998 200 1321 318 canuruusr
1377 192 1484 271 utu.
1517 189 1588 270 ιν.

1306 366 1483 449 Nesciat,
1509 375 1544 434 et
1562 362 1655 434 vires
1673 377 1778 457 quem
1798 364 1976 436 debellare
1992 361 2145 434 ferocem

2237 194 2323 278 604

1327 469 1410 541 Nou
1427 467 1517 536 aliae
1533 478 1681 556 possunt
1694 467 1853 558 prudens
1867 465 2009 538 solertia
2023 465 2168 555 frangit.

1327 566 1685 642 Mirandumspardis
1703 569 1777 636 vini
1792 569 1981 660 fragrantis
1995 590 2154 636 amorem

1328 667 1415 743 Esse
1431 691 1535 739 senex
1551 669 1651 738 vario
1667 683 1816 740 venator
1830 669 2002 762 comperit
2019 691 2107 750 usu,

1330 772 1467 844 idcirco
1485 771 1676 840 observans
1691 772 1811 843 anima
1829 797 1905 842 non
1921 772 2030 842 flante
2045 770 2200 843 latebras

1332 875 1503 957 illorum,
1527 873 1642 941 calido
1660 875 1842 964 perfundit
1857 887 1996 944 nectare
2011 887 2141 942 terram

1333 973 1505 1066 impiger,
1528 987 1563 1044 et
1579 973 1685 1043 tacito
1701 976 1900 1066 spumantia
1918 973 2057 1069 cymbia
2074 996 2196 1062 gressu

1309 1085 1310 1088 ’
1333 1076 1474 1148 Ordine
1488 1075 1699 1168 disponens,
1728 1072 1813 1148 hinc
1827 1091 1932 1170 atque
1948 1073 2034 1146 binc
2049 1090 2151 1145 antra
2166 1083 2327 1151 coronat

1331 1178 1405 1249 Nec
1422 1199 1521 1244 mora
1531 1229 1545 1258 ,
1567 1177 1680 1246 laetus
1696 1179 1803 1264 odor,
1828 1179 1975 1272 vinique
1988 1177 2113 1246 nociva
2129 1177 2262 1270 cupido

1332 1277 1443 1350 Elicit
1456 1278 1620 1361 insanos,
1646 1291 1680 1346 et
1694 1279 1732 1347 iu
1748 1295 1822 1350 atra
1834 1279 1992 1372 pericula
2005 1279 2131 1372 mittit,

1334 1380 1429 1450 'l'um
1447 1403 1531 1448 vero
1546 1380 1767 1470 ingeminant
1782 1376 1929 1452 baustus
1944 1381 2153 1474 laticemque
2166 1379 2292 1474 lycum

1333 1479 1535 1565 Exorbent,
1560 1494 1594 1550 et
1609 1479 1837 1552 Bassaridum
1854 1482 2027 1554 trieterica
2042 1485 2180 1551 vivunt:

1334 1581 1518 1672 Languida
1533 1583 1621 1675 quin
1641 1583 1745 1652 ctiam
1762 1583 1896 1654 [ιιοὶοεο
1912 1607 2060 1674 corpora
2077 1607 2201 1666 cursu,

1336 1681 1378 1752 In
1395 1707 1556 1752 venerem
1573 1684 1736 1770 solvunt,
1760 1685 1846 1756 vinu
1861 1687 2011 1756 iaciente
2027 1707 2211 1777 soporem:

1336 1783 1424 1855 Mox
1440 1778 1530 1854 citus
1545 1787 1696 1874 assurgit
1711 1801 1879 1868 venator,
1904 1800 1938 1858 et
1955 1785 2124 1879 opprimit
2141 1795 2237 1870 arte,
2277 1833 2278 1836 κ

1336 1885 1483 1958 Robore
1499 1910 1778 1979 quosnunquam
1790 1901 1945 1980 poterat,
1968 1889 2168 1982 praedaque
2178 1883 2326 1978 potitur,

1336 1985 1419 2057 Heu
1437 1981 1526 2055 mibi
1544 2011 1650 2081 quam
1668 1989 1798 2058 multos
1813 1989 1924 2060 nimia
1941 1991 2072 2060 virtute
2089 1987 2262 2081 superbus

1340 2087 1505 2158 Invenias
1518 2087 1644 2158 Perdis
1658 2090 1818 2180 similes,
1835 2091 1897 2184 qui
1914 2093 2060 2180 nornine
2071 2089 2174 2179 lactis

1337 2187 1543 2261 Extendunt
1558 2190 1674 2259 nitido
1690 2192 1870 2282 pulsantes
1887 2192 2017 2263 vertice
2033 2193 2192 2276 eoelum,

1339 2391 1405 2460 Vel
1420 2393 1509 2460 mala
1524 2394 1680 2463 luxuries
1695 2395 1870 2490 mistoque
1886 2397 2022 2467 insania
2039 2391 2192 2466 Baccho.

1339 2489 1466 2584 Asp‘ice
1482 2492 1641 2564 Pelleum
1657 2493 1834 2582 Pardum,
1859 2521 1929 2591 quo
1945 2499 2104 2590 pulcrior
2119 2499 2209 2568 alter
2432 2573 2433 2580 ,

1336 2593 1419 2665 Nou
1434 2595 1501 2663 fuit
1513 2595 1550 2662 in
1560 2591 1710 2687 pulchro
1722 2621 1826 2690 quem
1837 2599 1970 2670 vicerat
1985 2601 2072 2670 orbe
2085 2623 2152 2668 nec
2167 2621 2324 2690 uuquam

1337 2695 1410 2766 lies
1428 2697 1559 2764 similes
1577 2698 1682 2787 gessit
1697 2699 1883 2792 quisquam
1902 2703 2126 2771 brevioribus
2142 2700 2258 2773 annis.
2432 2701 2433 2720 ³

1337 2794 1524 2867 Confectus
1538 2813 1649 2870 aetate
1667 2823 1767 2888 senes
1783 2803 1939 2894 bellique
1955 2803 2076 2872 labore

1337 2895 1506 2968 Consiliis
1521 2900 1605 2971 vicit
1618 2914 1782 2986 cunctos,
1809 2902 1847 2972 in
1863 2904 1951 2974 llore
1966 2905 2142 2975 iuventae.

1337 2995 1432 3089 Ergo
1446 3001 1500 3068 illi
1518 3024 1669 3072 nocuere
1683 2997 1773 3072 nihil
1790 3027 1854 3074 nee
1870 3006 1938 3076 tela
1955 3030 2020 3074 nec
2036 3001 2175 3090 hostes,

1336 3099 1405 3171 Sed
1423 3103 1525 3170 foeda
1542 3104 1691 3172 ebrietas
1706 3116 1740 3172 et
1757 3106 1931 3178 desidiosa
1947 3107 2122 3200 voluptas.

1337 3200 1410 3290 Qui
1432 3204 1544 3296 sapis,
1572 3203 1794 3298 invictaeque
1807 3209 1913 3278 decus
1929 3231 2066 3278 servare
2083 3209 2228 3278 laboras

1341 3301 1510 3386 Virtutis,
1536 3327 1673 3396 semper
1688 3307 1770 3397 fuge
1786 3310 1920 3380 desidis
1936 3310 2013 3380 ocia
2033 3311 2138 3386 vitae.

1337 3401 1391 3473 Ac
1403 3429 1540 3490 mernor
1554 3421 1646 3488 esto,
1670 3408 1811 3492 DEUM,
1833 3435 1911 3479 eum
1927 3412 1973 3480 sit
1989 3412 2205 3481 castissimus
2220 3408 2327 3494 idem,

1334 3501 1491 3584 Plectere
1505 3508 1660 3600 pollutos
1681 3524 1714 3580 et
1730 3513 1871 3583 tandem
1888 3513 2056 3583 extollere
2073 3526 2198 3585 castos.

1332 3967 1400 4041 No.
1414 3966 1501 4039 874.

1339 4063 1511 4096 *Aa

2183 4072 2323 4099 Μ

1435 4177 1518 4248 aput
1540 4177 1666 4234 Viuseut·
1685 4197 1713 4251 p.
1728 4179 1787 4236 139.

1364 4358 1469 4449 Syrti
1494 4365 1601 4430 ortus
1624 4362 1913 4536 oooiqsrqqstgg
1937 4356 2077 4460 efficit,
2110 4384 2161 4466 er
2185 4371 2296 4442 Hom.

1713 4515 1718 4523 .
1761 4483 1835 4534 ου.
1913 4509 1923 4528 .

1331 4622 1448 4713 Quem
1466 4627 1584 4696 senior
1598 4623 1761 4696 Priamus
1780 4629 1913 4719 primus
1930 4633 2110 4722 conspexit
2128 4633 2165 4702 in
2179 4641 2293 4710 arenis

1328 4724 1360 4798 F
1359 4727 1536 4816 uigentem
1553 4727 1663 4798 veluti
1679 4726 1787 4798 Sidus
1804 4733 1898 4823 quod
1917 4730 2000 4803 Sole
2017 4735 2138 4804 relicto

1328 4824 1452 4899 Anteit
1466 4826 1713 4912 Autumnum,
1739 4846 2005 4926 nocturnosque
2021 4835 2152 4906 eminet
2168 4837 2266 4914 inter

1328 4926 1448 5018 lgnes,
1473 4943 1578 5025 atque
1593 4953 1657 5000 suo
1676 4931 1788 5004 vincit
1803 4933 1991 5025 splendore
2008 4939 2189 5026 tenebras,

1325 5027 1557 5124 Formosmue
1571 5046 1666 5103 tenet
1681 5057 1813 5103 nomen
1829 5033 1937 5107 Canis
1955 5032 2123 5120 Orionis,

1325 5129 1398 5221 Qui
1414 5134 1544 5202 febrim
1558 5149 1592 5206 et
1608 5135 1751 5205 morbos
1767 5135 1905 5208 miseris
1921 5141 2131 5217 mortalibus
2147 5145 2275 5222 adfert.
