4902 5978
128 244 181 320 eo
309 220 1170 322 nrrsronanuu,1nn1croauu
1204 217 1279 296 nr
1312 213 1705 312 scaurorum
1754 193 1861 295 nra
1886 186 2029 298 xm.²
2111 218 2163 293 m

78 419 80 424 ’
132 411 423 505 lacerepnteris,
462 421 652 504 postquam
677 401 771 478 banc
796 402 970 476 rationem
993 407 1124 492 co'gno·

137 517 253 602 veris,
277 517 313 584 in
327 539 435 607 quam
451 516 630 603 ingressus
645 533 723 580 sum
746 507 932 578 autoribus
955 503 1016 585 iis,
1044 500 1124 597 qui·
1161 581 1164 588 .

138 624 285 690 buscrrm
307 640 403 686 stunc
428 637 561 686 versor.
619 611 766 684 Utinam
790 623 906 680 autern
930 620 1045 676 tecum
1069 602 1126 672 vl-

142 745 225 792 vere
247 713 422 814 liceat⁶),
460 731 569 810 teque
591 714 716 786 audire
742 715 787 782 de
820 709 964 801 optimis
989 705 1127 776 artibus

139 819 411 915 prudentissime
442 820 680 911 disputantem
703 827 808 908 atque
830 813 1060 882 disserentem
1074 802 1124 904 ¹).
1228 838 1233 850 ι

135 926 206 996 Sed
231 921 425 994 collocavit
445 944 502 992 me
523 932 625 1011 pater
640 917 910 1002 Witebergam,
936 913 1031 1004 qnod
1046 909 1127 978 lau·
1158 973 1159 976 ,

133 1039 252 1109 stom,
281 1023 462 1116 foelirque
484 1021 550 1108 sit,
583 1020 649 1092 nbi
668 1019 714 1090 de
736 1016 885 1088 consilio
903 1005 1077 1106 Philippi
1091 1003 1127 1106 ⁸)

132 1151 235 1199 neone
257 1125 486 1218 praecipuam
510 1145 654 1214 operam
674 1119 812 1190 colloco
836 1117 874 1186 in
887 1113 1129 1196 Dialecticam,

133 1243 167 1302 et
193 1251 340 1324 quoque
369 1221 483 1296 liabeo
509 1217 729 1320 ἐρωτήματα
758 1222 833 1292 eins
856 1219 942 1288 artis
964 1219 1008 1286 ad
1031 1209 1128 1285 bunc

133 1346 304 1402 nostrum
321 1351 426 1400 usum
450 1327 665 1418 composita,
690 1347 781 1417 quae
799 1321 928 1396 edisoo.
980 1315 1074 1388 Tum
1089 1307 1128 1407 ⁹)

134 1434 247 1506 etiam
267 1431 463 1523 plurimum
480 1430 627 1499 adiuvat
645 1449 702 1496 me
723 1439 780 1494 tua
803 1421 1015 1502 Dialectica,
1040 1437 1130 1510 quae

134 1533 198 1611 hic
216 1534 359 1627 pnblire
377 1531 532 1602 traditur
547 1553 627 1600 cum
643 1549 769 1616 magna
784 1526 939 1596 utilitate
962 1523 1130 1592 insenta-

137 1639 197 1710 tis.
252 1633 409 1706 Coniero
427 1633 531 1702 etiam
548 1631 702 1722 aliquam
718 1627 825 1700 studii
845 1638 978 1722 partem
998 1623 1037 1690 in
1060 1620 1131 1689 els-

137 1751 263 1810 menta
277 1730 558 1818 Mathematom,
585 1757 650 1802 nec
665 1755 720 1800 me
737 1729 848 1818 magis
862 1726 976 1798 ullum
997 1720 1130 1794 doctri-

141 1864 215 1930 nae
240 1861 347 1926 genus
367 1835 535 1917 delectat,
568 1857 674 1928 quam
698 1833 760 1902 illa
784 1845 883 1902 vetus
909 1841 944 1898 et
967 1845 1132 1916 germana

146 1935 374 2034 philosophia
391 1935 450 2033 ιο).
515 1935 621 2026 Quod
657 1933 834 2027 reliquum
868 1942 920 2000 est
954 1925 1133 2018 temporit,

144 2043 276 2134 partim
300 2040 432 2130 graecis
456 2040 588 2120 literis,
614 2035 743 2129 partim
770 2031 936 2104 exercitio
959 2028 1042 2124 styli
1066 2025 1134 2098 tri·

140 2150 230 2217 lisso.
291 2139 413 2212 llabes
437 2153 550 2210 totum
576 2137 791 2212 curriculum
819 2157 980 2204 meorum
1001 2127 1155 2198 exerti·

141 2249 277 2318 tiorum
295 2245 452 2314 breviter
467 2242 695 2332 descriptum.
733 2235 837 2308 Nunc
857 2250 890 2306 te
906 2259 969 2304 orn
985 2255 1048 2322 per
1064 2225 1133 2300 hu-

142 2349 353 2418 manitatem
381 2359 496 2428 tnam,
523 2353 561 2412 ut
588 2367 651 2434 pro
675 2355 734 2410 tna
759 2338 945 2430 prudentia
966 2328 1055 2402 mihi
1071 2355 1136 2400 co-

143 2453 246 2544 piose
270 2448 483 2540 perscribas,
515 2445 609 2538 quod
635 2443 700 2513 tibi
726 2441 912 2532 probetne,
947 2449 1008 2506 ant
1036 2455 1135 2504 sacua

139 2553 324 2622 rideatur.
365 2547 442 2634 Scis
457 2547 574 2630 euim,
600 2556 733 2638 quanta
750 2541 790 2612 sit
812 2539 1034 2610 imbecillitas
1050 2557 1135 2604 con·

147 2655 221 2724 silii
238 2653 281 2720 in
294 2645 360 2719 hac
376 2674 452 2718 mea
468 2661 600 2730 aetate,
624 2660 659 2717 et
673 2645 746 2716 tibi.
762 2638 899 2712 homiui
925 2637 1135 2732 peritissimo

149 2751 388 2826 horroribcum
405 2765 475 2832 est,
496 2749 646 2820 consilio
663 2761 768 2840 atque
784 2743 971 2814 autoritate
992 2740 1137 2810 invenes

149 2881 234 2928 tum
249 2878 310 2945 spe
327 2858 476 2946 quadam
493 2853 531 2921 in
555 2850 667 2920 literis
686 2861 863 2918 versantes
887 2865 1016 2934 regere.
1066 2837 1138 2908 Po-

147 2973 283 3029 stremo
306 2969 341 3026 te
364 2980 450 3033 oro,
487 2966 672 3044 postquam
700 2963 756 3017 ine
778 2945 1021 3016 amantissime
1041 2965 1137 3014 cnm-

145 3063 275 3155 plexns
291 3079 348 3141 es,
372 3071 413 3127 nt
429 3055 620 3146 amicitiam
639 3043 802 3120 nostram
813 3061 982 3140 perpetuo
997 3065 1139 3114 conser-

147 3165 306 3232 vandam
331 3173 438 3251 atque
462 3153 647 3226 colendam
663 3175 738 3222 esse
756 3163 907 3235 statuas,
933 3171 975 3218 en
990 3171 1059 3240 qua
1076 3141 1137 3214 etsi

149 3265 307 3334 {ructum
329 3251 477 3329 fortasse
502 3279 624 3348 capere
644 3255 785 3324 nullum
807 3263 923 3344 potes;
964 3263 1082 3322 tamen
1106 3257 1140 3314 te

149 3366 270 3436 virum
306 3363 370 3432 tali
400 3359 601 3452 praeditum
633 3356 794 3445 doctrina
817 3366 853 3424 et
875 3349 1068 3442 sapientia,
1098 3357 1141 3416 ut

1242 435 1246 448 .
1271 379 1401 460 'propior
1413 386 1442 442 ln
1457 385 1519 444 eod.
1536 383 1633 440 bleba.
1647 383 1694 442 lil.
1712 403 1739 456 p.
1752 383 1837 450 Μ,
1861 384 1909 439 ubi
1922 383 2100 456 ἱῃημιριῐοῃρ
2115 404 2157 442 u.

1279 465 1385 540 reluat
1405 457 1501 577 leqatur
1517 455 1555 508 ibi
1574 456 1602 508 in
1615 453 1736 535 epistolis
1751 453 1951 524 discipulorum
1968 455 2162 512 Melantbonis.

1279 529 1305 581 D
1325 545 1406 598 mque
1464 543 1482 576 ο
1503 523 1974 608 οροὸοομοιοοοοΔ-βοιιιι401.)
2000 528 2037 590 Δ)
2074 521 2162 583 Ml.

1209 635 1212 642 .
1283 605 1309 650 et
1327 593 1366 662 Β)
1384 613 1411 663 p.
1424 591 1507 658 911³..
1526 593 1572 676 uba
1590 599 1718 662 tmssrpts
1742 591 1841 662 legetur
1853 591 2026 662 Hieronymo
2067 597 2161 662 edero,

1280 661 1668 806 qpnqqqteqlniqqllrpeqqqulo.
1686 685 1688 690 ·
1705 659 1786 721 Certe
1805 661 1839 748 de
1859 661 2032 734 Hieronymo
2052 661 2162 718 Oedero

1487 885 1774 983 Hieronymo
1798 883 1852 960 N.

1180 1011 1227 1098 S.
1253 1019 1297 1097 D.
1347 1021 1594 1096 Periueundae
1623 1017 1714 1093 mibi
1744 1007 1889 1096 luerunt
1922 1024 2044 1094 literae
2074 1037 2167 1109 tuae,

1179 1123 1400 1220 Hieronymo
1423 1125 1650 1210 suavissime,
1683 1127 1779 1218 quod
1802 1150 1881 1196 curn
1899 1121 1932 1221 ¹)
1958 1128 2165 1196 memoriam

1181 1229 1295 1300 nostri
1314 1251 1450 1296 summa
1466 1253 1545 1296 cnm
1562 1227 1808 1300 benevolentia
1826 1239 1859 1297 te
1875 1229 2027 1298 retinere
2045 1241 2165 1296 osten·
2248 1248 2252 1256 ’

1182 1337 1243 1404 das
1260 1329 1315 1422 ³),
1348 1329 1495 1398 mirifice
1520 1353 1575 1397 me
1599 1331 1795 1398 constantia
1821 1343 1878 1398 tua
1894 1323 1928 1422 ³)
1953 1329 1989 1396 in
2012 1329 2165 1400 amicitia

1182 1435 1331 1504 delectat
1347 1427 1387 1524 ⁴).
1437 1429 1560 1523 Neque
1580 1454 1661 1498 vero
1677 1425 1712 1522 ⁵)
1737 1429 1927 1501 difficulter
1947 1431 2051 1500 fidem
2067 1455 2168 1522 prae·-

1184 1547 1278 1608 stant
1294 1526 1352 1618 hi,
1374 1532 1434 1624 qni
1451 1555 1564 1626 neque
1580 1535 1776 1602 mercedem
1792 1547 1951 1622 spectant
1966 1525 2005 1627 ⁸)
2025 1532 2063 1600 in
2079 1531 2169 1602 ami-
2204 1609 2209 1618 ,

1184 1637 1284 1720 titia,
1317 1658 1432 1726 neque
1456 1658 1557 1703 cacco
1578 1631 1711 1724 impetu
1735 1633 1917 1720 seruntur,
1944 1638 2004 1704 sed
2029 1633 2170 1706 virtutis

1184 1753 1290 1832 atque
1313 1731 1545 1808 humanitatis
1567 1757 1668 1804 causa
1694 1734 1868 1806 amicitias
1882 1737 2017 1806 colunt.
2069 1734 2171 1808 Sem-

1185 1865 1247 1932 per
1263 1851 1379 1908 autem
1395 1835 1649 1920 animadverti,
1676 1835 1811 1906 nullam
1831 1837 1937 1906 aliam
1950 1837 2008 1918 ‚ob
2031 1859 2171 1908 causam

1184 1957 1218 2012 te
1245 1952 1406 2032 expetere
1430 1953 1586 2010 nostram
1615 1934 1931 2024 cousuetudinem,
1969 1938 2040 2008 nisi
2074 1941 2170 2032 quod

1188 2041 1321 2132 ingenii
1342 2041 1496 2111 suavitas
1516 2039 1691 2110 invitabat
1708 2036 1743 2140 ⁷)
1766 2053 1800 2110 te
1821 2041 1865 2110 ad
1890 2040 2174 2132 complectendus

1186 2145 1385 2216 straliornm
1401 2156 1543 2214 tuorum
1560 2143 1686 2212 socios.
1737 2137 1814 2230 Ego
1834 2141 1987 2212 vicissim
2005 2157 2174 2234 perpetuo

1187 2247 1340 2342 quodam
1358 2243 1490 2314 iudicio
1508 2269 1587 2314 roeo
1606 2243 1644 2312 in
1662 2243 1854 2314 amicitiam
1875 2237 2052 2339 †meam”
2067 2258 2102 2314 te
2118 2269 2176 2316 re·

1188 2349 1277 2440 cepi.
1329 2343 1505 2416 Videbam
1523 2345 1637 2432 enim,
1664 2361 1697 2440 te
1713 2371 1787 2416 sinn
1804 2345 1920 2423 solum
1936 2328 2103 2416 delectari
2120 2342 2176 2416 bia

1188 2451 1276 2522 meis
1302 2447 1449 2536 studiis,
1475 2449 1535 2518 sed
1560 2447 1656 2518 velut
1681 2447 1727 2518 ab
1749 2448 1830 2540 ipsa
1842 2460 1971 2520 natura
1987 2449 2032 2518 ad
2050 2441 2178 2520 huma·

1189 2551 1591 2623 nitatemsactumesse.
1644 2547 1717 2620 Nec
1731 2573 1789 2618 me
1803 2543 1833 2644 ⁸)
1850 2549 2023 2622 iudicium
2040 2550 2177 2626 ielellit.
2270 2555 2271 2558 ’

1189 2651 1277 2726 Nam
1296 2668 1482 2745 postquam
1502 2651 1725 2722 familiariter
1741 2653 1934 2743 introspexi
1944 2643 1978 2748 ⁸)
1996 2651 2179 2741 ingenium

1189 2771 1302 2838 tsrom,
1317 2778 1393 2822 mea
1413 2755 1457 2821 de
1475 2767 1533 2823 tua
1553 2753 1683 2822 virtute
1700 2753 1820 2824 aclide
1838 2752 1961 2843 opinio
1980 2753 2081 2822 valde
2092 2778 2180 2824 cou-

1183 2857 1325 2927 .lirmata
1343 2867 1403 2926 est
1436 2851 1677 2943 Quamobrem
1696 2855 1813 2948 quoad
1829 2869 1868 2926 tu
1877 2850 1927 2950 ¹⁰)
1950 2855 2063 2934 voles,
2088 2849 2181 2925 bane

1191 2951 1431 3050 amicitiam¹¹)
1451 2955 1682 3039 conservabo,
1705 2970 1807 3050 teque
1824 2951 2009 3048 adhortor,
2025 2979 2072 3026 ne
2085 2957 2181 3028 sinas

1189 3053 1328 3158 †eam''
1350 3057 1423 3128 ulla
1447 3071 1508 3128 aut
1533 3072 1732 3150 temporum
1755 3071 1818 3128 aut
1835 3057 2000 3128 fortunae
2016 3053 2063 3153 ¹²)
2085 3059 2182 3128 iniu-

1192 3162 1242 3232 ria
1260 3159 1366 3230 obrui
1382 3175 1485 3254 atque
1503 3155 1550 3254 ¹³)
1573 3159 1740 3252 extingui.
1793 3155 1834 3234 B.
1854 3157 1941 3230 Vale
1958 3155 2013 3258 ¹⁴).

149 3481 285 3538 ceteras
307 3463 479 3549 virtutes,
503 3461 551 3532 ita
573 3459 679 3531 etiam
703 3455 894 3528 amicitiam
908 3477 982 3524 non
996 3453 1142 3532 fructus,
1248 3473 1256 3488 ·

150 3569 214 3640 sed
235 3561 471 3638 humanitatis
495 3585 597 3634 causa
621 3561 738 3631 colere
758 3559 869 3630 decet.
924 3551 1003 3645 Ego
1022 3565 1141 3624 tamen
1248 3570 1257 3591 ·
1379 3569 1388 3592 ·

150 3671 185 3742 si
207 3695 278 3763 quo
299 3667 409 3738 officii
432 3687 560 3756 genere
583 3663 762 3732 declarare
788 3673 911 3752 potero
932 3679 1046 3728 meam
1062 3673 1142 3744 erpa

156 3787 197 3844 te
212 3771 393 3862 pietatem,
420 3767 513 3838 dabo
529 3788 693 3857 operam,
720 3775 761 3834 ut
775 3759 951 3848 intelligas
964 3755 1144 3829 neminem

154 3887 195 3946 te
207 3867 297 3942 milri
316 3883 499 3964 postquam
517 3892 537 3938 a
555 3864 747 3938 domestico
764 3885 884 3934 amore
906 3857 1067 3940 discessi,
1089 3877 1146 3925 se-

152 3977 318 4050 cundnm
334 3985 470 4064 patrem
486 3969 655 4040 canorem
673 3989 758 4042 esse.
807 3965 908 4038 Bene
922 3961 1012 4034 vale.

146 4179 604 4204 ---—-·--·--··---

147 4309 225 4384 No.
240 4305 353 4381 7061.

73 4405 77 4414 ·
145 4401 331 4440 02-

507 4407 727 4562 'nn

230 4657 313 4713 Edita
333 4652 475 4712 sblsnlio
495 4651 525 4707 in
544 4649 616 4706 iares
635 4689 643 4706 .
664 4669 690 4722 p.
705 4645 767 4704 495.
785 4643 834 4702 alsi
854 4642 1027 4700 inseribltnrs
1046 4641 1151 4696 Hiera-

265 4743 352 4798 njmo
369 4725 408 4782 Β.
426 4723 573 4792 Philippus
625 4720 801 4776 etanearnon.
827 4745 860 4756 -
906 4713 953 4768 Est
978 4717 1152 4766 autemnon

172 4854 175 4858 .
268 4793 465 4867 Melantboais,
480 4791 601 4846 sedales
615 4785 742 4863 discipali
756 4783 869 4840 nomine
887 4783 996 4854 scripta.
1013 4809 1050 4824 -
1074 4779 1152 4854 Apo-

161 4961 383 4980 W

198 5065 233 5131 6)
253 5063 321 5120 Cod.
335 5062 431 5119 Melan.
445 5023 566 5116 laurei.

197 5155 236 5219 7)
257 5151 326 5208 eoa.
339 5149 434 5204 Mein.
448 5145 679 5215 praecipientem.

199 5241 232 5308 8)
252 5240 289 5290 de
300 5237 416 5294 consilio
431 5231 521 5300 ΡΙιίΙ.)
538 5248 596 5286 non
610 5227 690 5284 babet
703 5222 765 5282 sod.
779 5221 872 5279 Zeltn.

198 5327 232 5396 9)
255 5323 328 5376 Cnd.
341 5319 437 5375 Mebn.
450 5325 558 5374 manen.

203 5408 260 5480 to)
278 5403 348 5463 Gall.
359 5401 454 5458 Zella·
464 5401 607 5456 mendosas
622 5411 759 5482 persona.

1266 3838 1362 3919 ldanlii
1376 3861 1446 3916 larsa
1465 3901 1473 3918 .
1493 3879 1519 3930 p.
1535 3858 1595 3915 550.
1618 3887 1653 3904 -
1689 3857 1874 3932 apographon
1896 3858 1924 3914 in
1946 3861 2011 3918 eod.
2025 3797 2186 3920 Gottjat.

1245 3937 1252 3950 ¹
1298 3951 1325 4004 p.
1335 3929 1402 3986 99t,
1475 3928 1633 4002 tdiseipols
1647 3947 1663 3984 s
1676 3927 1855 4001 Melanthpns
1874 3929 2049 4003 praescripta.

1235 4193 1261 4260 l)
1279 4195 1354 4257 eum]
1373 4186 1461 4242 Msol.
1474 4187 1551 4244 mini.
1586 4186 1656 4246 Cod.
1675 4183 1761 4244 osu.
1775 4189 1836 4244 tot.
1852 4188 1885 4245 Α.
1900 4197 1927 4244 et
1939 4185 1971 4242 B.
1986 4207 2043 4244 nnn
2054 4187 2162 4242 babent.

1234 4277 1262 4347 2)
1279 4271 1708 4358 Manl.eteod.Gptls.401.A.
1727 4275 1871 4346 ostendis,
1895 4285 1922 4330 st
1943 4274 2023 4348 plene
2044 4273 2189 4349 interpun-

1270 4354 1411 4417 gntttport
1423 4346 1558 4398 ostendes.
2173 4355 2180 4366 ·

1235 4431 1274 4500 8),
1285 4437 1348 4499 tua]
1365 4431 1440 4486 abest
1452 4449 1467 4484 s
1480 4428 1544 4486 eod.
1560 4427 1645 4484 Gollt.
1659 4427 1720 4489 401.

1236 4520 1266 4588 a)
1285 4513 1355 4572 coa.
1370 4514 1468 4572 usas.
1481 4517 1611 4570 senaa.
1836 4493 1840 4505 '

1236 4605 1269 4670 6)
1284 4605 1366 4672 uero]
1378 4603 1447 4675 serp
1466 4600 1529 4656 cael.
1543 4599 1639 4660 Mein.

1224 4687 1425 4759 'darnestanq
1443 4687 1766 4755 itemprasuolantar.
1811 4711 1813 4716 v

1239 4779 1266 4847 7)
1288 4773 1502 4841 Manbinur'tat.
1832 4825 1837 4836 ,
1870 4814 1873 4829 ,
2095 4802 2100 4818 .

1240 4865 1269 4933 8)
1285 4855 1572 4920 estuantem.
1588 4875 1756 4914 manmena.
1842 4910 1847 4930 ,
1954 4914 1957 4923 ,
2060 4895 2066 4919 ,
2113 4893 2142 4922 „

1072 5012 1077 5028 Ι
1161 4932 1164 4938 ι
1240 4943 1805 5020 9)οοἆ.(ἱοι11.401.Α.ειΒ.ιἰιορεει.
1858 4936 1860 4951 ’

1244 5040 1289 5100 ιο)
1309 5041 1352 5103 tn]
1370 5031 1464 5087 addidi
1479 5049 1493 5086 e
1507 5019 1569 5087 cod.
1583 5029 1678 5086 Mete.
1693 5037 1721 5084 et
1733 5027 1797 5088 eod.
1813 5023 1897 5084 (ἔοι).
1910 5027 1972 5084 tot.
1985 5028 2023 5085 A.

1164 5118 1167 5128 ¹
1244 5127 1287 5190 tt)
1305 5116 1392 5174 blsnl.
1409 5118 1522 5172 leonem
1535 5113 1671 5180 amicitis.
1735 5160 1739 5174 .

1245 5209 1289 5276 li)
1308 5201 1599 5261 coa.uott.tot.a.
1614 5197 1814 5267 serranorum.
1922 5158 1928 5170 Ι
1961 5226 1964 5240 ·
2028 5145 2112 5258 ,bl

1247 5283 1881 5362 ti)atque]sod.GptB.401.b.stB.wt,
1953 5312 1976 5344 ,.
2087 5296 2105 5336 Δι
2142 5289 2147 5303 ’
2197 5279 2198 5284 ’

1248 5381 1294 5449 14)
1313 5377 1381 5434 cod.
1397 5374 1482 5430 Gotli.
1497 5371 1556 5427 401.
1571 5365 2021 5522 lib⁶alaqtsubssriptampnousrla
2036 5370 2108 5426 Μ
2119 5369 2182 5433 Μ.
