4884 5950
279 249 355 328 986
488 321 492 332 ,
727 242 1049 338 'ALLOQUlA
1099 245 1173 322 ET
1209 246 1457 326 ·¹BRRVES
1506 245 1857 355 CONCIONES.
2235 247 2316 321 986

279 422 340 494 dia
356 420 402 494 a'd
416 418 570 511 gloriam
583 415 671 503 Dei,
694 415 930 514 Reipublicae
950 421 1123 515 saluum,
1148 435 1184 494 et
1209 435 1269 495 tos·
1380 477 1383 491 .
1567 414 1647 486 Post
1669 415 1839 488 laetiorem
1859 421 2071 494 namucum.

280 522 627 646 iamfoemifflai‘
648 523 840 642 Wiimm'
864 623 873 644 .
899 521 1019 614 Qum
1054 525 1269 618 negligenti*
1424 561 1625 644 Audiuistis
1641 571 1800 659 Sutura,
1826 571 1957 668 quibus
1969 569 2132 664 postulo,
2157 583 2199 641 nt
2225 570 2320 641 obe-

280 626 505 746 ¹¹¹.d¹⁸⁰e⁰d⁰
520 625 628 696 heda
641 623 789 746 gi⁰r¹im
806 621 1094 747 De13pepturbat
1106 625 1269 720 Rempu'
1322 675 1448 756 distis,
1475 689 1622 769 propter
1635 678 1845 747 mandatum
1863 671 1952 760 Dei,
1976 673 2039 768 qui
2054 671 2249 766 praecipit,
2275 686 2320 742 ut

282 729 434 814 blmm’
461 738 496 798 et
520 740 624 798 ηοω
644 751 745 796 ⁰mm
768 740 976 820 mmmm
1028 724 1271 850 1d⁸⁰³i¹h⁰¹⁵
1322 799 1447 849 omnes
1469 778 1539 869 legi
1569 777 1732 858 divinae,
1765 789 1800 849 et
1822 775 2086 867 magistratibus
2116 775 2192 845 suis
2226 775 2319 846 obe-

282 845 341 903 m
365 851 428 950 3⁰⁸
448 825 756 948 mefflm’
789 843 830 900 Μ
849 853 967 950 mim
989 833 1202 952 ‘qimai’
1236 845 1270 902 εἰ
1322 881 1438 950 diant.
1488 877 1595 952 Scitis
1628 880 1723 952 enim
1759 879 1895 952 dictum
1929 875 2051 948 Pauli:
2080 874 2230 946 Necesse
2262 891 2319 948 est

283 931 543 1052 cimider‘m‘
557 932 643 1026 qmd
662 927 817 1051 poemlit
831 945 922 1003 ‘³¹¹⁰
938 933 1046 1002 θῆαι
1062 947 1187 1020 mm’
1208 958 1268 1055 ‘P'
1322 981 1487 1067 obedire,
1512 1005 1588 1050 non
1605 981 1721 1052 solum
1738 995 1884 1074 propter
1900 979 1989 1052 iram
2000 1034 2011 1065 ,
2024 981 2086 1048 sed
2102 979 2209 1050 etiam
2226 1001 2316 1070 pro·

282 1045 399 1125 mm„
414 1028 572 1104 “bolam
591 1055 665 1102 ωε
682 1057 907 1125 praeminum
935 1047 1070 1125 pamm
1091 1032 1270 1108 Ecdeme
1322 1100 1401 1178 pter
1417 1085 1683 1156 conscientiam.
1734 1081 1813 1154 Hoc
1837 1083 1973 1153 dictum
1996 1079 2098 1151 vobis
2123 1079 2317 1172 proponite

282 1131 430 1208 Christi.
487 1132 554 1220 Est
576 1149 694 1208 antem
716 1157 842 1226 magna
859 1135 1039 1228 impietas,
1064 1138 1168 1209 malis
1190 1163 1269 1209 mo-
2037 1185 2047 1200 ·

282 1238 383 1310 ribus
403 1249 439 1308 et
460 1238 637 1308 scandalis
659 1235 859 1308 deformare
872 1234 1068 1310 Ecclesiam
1136 1237 1205 1311 Ista
1229 1266 1270 1311 ex
1322 1188 1579 1272 ³d⁰¹⁰⁸oen¹⁰⁵’
1605 1199 1646 1257 m
1668 1209 1732 1256 νο*
1754 1181 1953 1305 mbmfati
1977 1207 2068 1302 ,ΨΜ
2090 1185 2136 1252 de
2157 1191 2314 1278 umque

275 1307 279 1318 '
1071 1291 1082 1314 '
1322 1311 1385 1360 vos
1402 1291 1592 1373 admonet,
1617 1290 1663 1358 de
1686 1311 1800 1380 poena
1824 1301 1860 1358 et
1877 1289 2011 1356 rudrcro
2028 1283 2108 1364 Der.
2159 1283 2253 1358 Nam
2277 1298 2313 1355 et

282 1340 570 1434 praeceptoribus
584 1339 711 1410 vestris
725 1339 885 1432 quotidie
899 1341 1044 1423 auditis,
1069 1340 1181 1433 Leges
1195 1366 1269 1414 esse
1322 1388 1356 1462 D
1479 1403 1492 1461 ἰ
1534 1384 1591 1460 h.t

274 1441 352 1515 Dei
363 1455 513 1526 vocem,
531 1464 659 1536 easque
673 1442 778 1512 nobis
792 1442 940 1513 traditas
957 1455 1052 1529 es'se,
1075 1443 1159 1538 quia
1173 1441 1270 1535 Deus
1358 1414 1419 1462 ω’
1439 1415 1477 1461 ⁸⁰
1495 1415 1533 1460 η
1562 1415 1573 1458 ¹

276 1545 369 1622 ,velit
384 1567 450 1614 nos
463 1568 530 1616 suo
543 1546 652 1614 verbo
669 1544 763 1635 regi,
788 1569 863 1614 nou
879 1544 964 1616 velit
980 1566 1046 1616 nos
1062 1545 1182 1618 laxare
1197 1547 1269 1618 ire-

281 1671 370 1718 num
386 1646 518 1718 nostris
537 1645 805 1738 cupiditatibus.
857 1644 1040 1718 Promittit
1052 1645 1151 1720 Deus
1162 1649 1268 1722 etiam

278 1748 439 1841 ,praemia
453 1748 728 1834 obedientibus,
753 1748 845 1819 sicut
862 1743 948 1820 haec
970 1748 1046 1842 ipsa
1070 1763 1139 1822 vox
1162 1764 1269 1823 testa-

279 1867 359 1924 tur:
381 1849 531 1922 Honora
548 1865 683 1942 patrem
698 1863 733 1922 et
754 1863 922 1932 matrem,
947 1865 989 1923 ut
1008 1852 1056 1922 sis
1078 1851 1270 1944 longaevus

282 1977 389 2046 super
421 1966 565 2026 terram.
619 1951 816 2026 Foeliciora
852 1967 960 2024 erunt
993 1953 1032 2024 iu
1063 1956 1164 2024 omni
1195 1956 1268 2026 vita

282 2056 429 2128 consilia
446 2071 582 2136 vestra,
607 2069 643 2126 et
666 2055 769 2126 vobis
792 2067 827 2124 et
846 2052 1101 2148 Reipublicae,
1126 2059 1158 2128 si
1182 2053 1269 2130 haec

282 2156 385 2230 initia
408 2159 520 2242 uitae,
544 2172 579 2247 et
602 2157 705 2251 quasi
721 2153 876 2248 primum
901 2170 1019 2230 actum
1040 2173 1133 2232 recte
1149 2162 1268 2251 agetis

281 2259 412 2334 Contra
437 2259 593 2352 improbi
621 2273 656 2330 et
684 2260 902 2350 negligentes
923 2262 1061 2333 dabunt
1084 2257 1160 2333 Deo
1181 2265 1268 2334 olim

281 2385 406 2454 graves
420 2373 560 2453 poenas.
590 2358 687 2432 Deus
702 2363 797 2432 enim
811 2386 887 2432 non
901 2363 1033 2434 favebit
1045 2353 1168 2436 eorum
1182 2391 1268 2437 cons

282 2463 373 2536 'siliis
394 2477 500 2558 atque
519 2462 731 2537 actionibus.
785 2462 906 2553 Quare
926 2467 1021 2536 caeci
1038 2481 1163 2553 ruent,
1189 2491 1268 2538 con

281 2579 407 2652 ruent,
434 2580 468 2637 et
485 2579 662 2638 accersant
680 2566 748 2636 sibi
764 2566 971 2658 perniciem.
1023 2567 1136 2662 Saepe
1161 2572 1267 2642 etiam

281 2682 428 2762 propter
443 2691 638 2761 panconrm
660 2669 817 2740 furorem
834 2683 1044 2742 evertuntur
1066 2685 1161 2743 totae
1176 2671 1268 2746 Res-

279 2771 455 2864 publicas.
479 2769 616 2842 *Nulla
638 2783 690 2840 cst
703 2771 799 2840 enim
816 2771 988 2862 sapientia
1002 2772 1079 2843 sine
1097 2770 1174 2846 Deo
1191 2775 1266 2845 sor-

277 2887 415 2946 tunata.
474 2870 561 2944 ldeo
586 2873 626 2944 in
649 2871 844 2944 Salomone
867 2874 1125 2966 scriptumest:
1169 2875 1266 2948 Dens

277 2978 339 3049 dat
369 2975 578 3068 sapientiam
607 2989 642 3047 et
669 2998 879 3048 successum.
932 2975 1128 3070 Proponite
1156 2979 1266 3070 igitur

279 3078 392 3150 oculis
419 3091 455 3149 et
477 3062 633 3169 praemia
654 3091 689 3148 et
707 3101 862 3170 poenas,
890 3091 926 3150 et
949 3080 1116 3169 cogitate,
1149 3078 1266 3152 Deum

277 3179 437 3250 veracem
453 3201 545 3265 esse,
568 3180 762 3272 praestabit
777 3175 874 3251 haud
890 3182 999 3252 dubie
1014 3182 1264 3254 obedientibus

279 3283 454 3373 praemia,
482 3294 517 3353 et
527 3281 654 3373 puniet
668 3295 903 3354 contumaces.
954 3281 1034 3355 Hoc
1049 3283 1170 3354 animo
1192 3285 1264 3356 iam

277 3383 398 3454 audite
420 3395 569 3468 statuta,
588 3396 624 3454 et
646 3383 816 3473 cogitate,
840 3409 904 3454 vos
922 3381 999 3456 Deo
1022 3384 1264 3459 obedientiam

278 3485 428 3567 debere,
461 3498 496 3556 et
529 3479 627 3556 hunc
652 3485 787 3564 cultum
811 3484 887 3557 Deo
913 3511 987 3558 esse
1010 3487 1262 3578 gratissimum.

275 3585 428 3660 Nostrae
459 3587 556 3660 enim
577 3586 672 3680 leges
692 3582 787 3658 nihil
811 3589 998 3664 continent
1024 3590 1263 3685 tyrannicum,

1612 1393 1657 1460 ad
1682 1413 1832 1482 poenam
1859 1401 2097 1460 contumaces.
2148 1385 2198 1460 Et
2220 1387 2315 1457 illud

1323 1505 1375 1564 est
1393 1491 1553 1578 tristius,
1579 1493 1675 1588 quod
1693 1491 1827 1562 Paulus
1843 1491 1911 1576 ait,
1937 1487 2169 1564 conscientias
2183 1489 2313 1584 pollui.

1324 1592 1445 1683 Quare
1467 1590 1505 1664 hi
1530 1594 1593 1690 qui
1616 1595 1744 1666 timent
1758 1593 1894 1680 Deum,
1919 1593 1987 1664 isto
2004 1591 2100 1663 dicto
2125 1592 2310 1675 admoniti,

1322 1711 1445 1787 regant
1458 1719 1575 1766 mores
1592 1697 1820 1789 diligentius,
1846 1721 1891 1766 ne
1917 1695 2005 1792 quid
2030 1693 2162 1768 iaciant
2184 1706 2308 1764 contra

1322 1801 1483 1894 publicas
1501 1801 1605 1892 leges.
2033 1807 2038 1820 '

1423 1901 1547 1994 Nuper
1563 1915 1686 1973 contra
1704 1901 1874 1972 larctores
1888 1911 2021 1970 temere
2036 1897 2145 1970 audio
2170 1898 2211 1968 in
2231 1898 2312 1970 iore

1322 2005 1516 2077 tumultum
1534 2028 1607 2076 esse
1624 1998 1762 2089 ortum,
1788 2005 1917 2096 dequo
1940 2025 2051 2094 pauca
2066 2003 2242 2096 quaedam
2257 2001 2315 2071 di-

1322 2132 1415 2178 cam:
1443 2101 1582 2184 Omnis
1591 2127 1784 2179 concursus
1806 2103 2067 2189 multitudinis,
2093 2106 2124 2174 si
2139 2105 2314 2176 accedunt

1321 2209 1550 2289 vociferatio,
1576 2209 1719 2280 iactatio
1748 2207 1936 2298 lapidum,¹
1955 2223 2021 2280 aut
2041 2205 2176 2276 similes
2197 2205 2314 2298 impe-

1322 2323 1399 2396 tus,
1424 2306 1532 2382 habet
1547 2311 1698 2402 speciem
1720 2309 1917 2382 seditionis.
1968 2308 2075 2382 Scitis
2096 2322 2216 2379 autem
2238 2331 2314 2378 esse

1321 2437 1495 2484 summam
1512 2413 1792 2505 turpitudinem,
1810 2410 1978 2480 seditioni
1993 2413 2172 2486 interesse.
2197 2407 2315 2482 Dein-

1321 2518 1366 2586 de
1381 2529 1554 2610 quantum
1579 2516 1626 2586 sit
1647 2512 1798 2606 periculi
1819 2514 1859 2582 in
1878 2513 1943 2584 tali
1960 2536 2153 2594 concursu,
2181 2535 2314 2604 expen-

1321 2619 1406 2688 dite.
1465 2615 1557 2688 Nam
1580 2617 1609 2687 si
1632 2617 1795 2690 vicissim,
1813 2639 1909 2686 arma
1931 2615 2027 2686 cives
2049 2615 2245 2707 cepissent,
2275 2631 2314 2686 et

1321 2733 1399 2790 orta
1430 2719 1555 2790 fuisset
1583 2719 1702 2812 aliqua
1733 2720 1875 2804 caedes,
1907 2741 2014 2807 quam
2042 2718 2114 2788 late
2144 2731 2312 2810 vagatum

1323 2835 1412 2892 esset
1434 2821 1471 2890 id
1496 2820 1657 2892 malurn?
1707 2819 1828 2910 Quare
1852 2821 1955 2890 vobis
1979 2821 2132 2902 mando,
2159 2843 2206 2890 ne
2231 2817 2314 2913 quis

1318 2924 1364 2997 sit
1382 2937 1487 2995 autor
1501 2923 1557 2994 vel
1571 2924 1715 2994 adiutor
1730 2923 1855 2994 talium
1872 2942 2123 2994 concursuum.

1420 3021 1542 3096 Audio
1560 3027 1734 3120 quosdam
1756 3024 1865 3096 fuisse
1887 3019 2153 3108 dehortatores,
2179 3017 2310 3094 hurum

1319 3127 1492 3199 modestia
1513 3127 1621 3220 digna
1648 3141 1701 3198 est
1721 3127 1838 3201 laude.
1890 3125 2078 3220 lmperitos
2102 3139 2222 3210 autem
2244 3125 2312 3196 ad-

1317 3254 1466 3316 moneo,
1506 3244 1548 3302 ut
1580 3229 1731 3322 periculi
1758 3226 2042 3319 magnitudinem
2072 3229 2312 3299 considerent.

1318 3330 1359 3404 Si
1383 3332 1500 3417 enim,
1528 3334 1624 3426 quod
1648 3329 1747 3404 Deus
1775 3327 1982 3427 prohibeat,
2015 3333 2131 3402 caedis
2160 3329 2307 3401 initium

1318 3434 1433 3520 lieret,
1467 3435 1555 3528 quid
1582 3435 1745 3510 futurum
1769 3433 1884 3506 esset?
1933 3432 2082 3504 Nostrae
2112 3433 2217 3516 tidei,
2252 3445 2307 3504 tot

1316 3529 1459 3610 honesti
1493 3531 1677 3617 homiues,
1710 3549 1876 3628 parentes
1906 3537 2017 3608 vestri
2050 3557 2130 3606 suos
2155 3533 2305 3618 liberos,

364 3701 368 3709 .
902 3693 939 3710 ..
1064 3693 1088 3712 ..
1233 3694 1243 3710 .
1316 3661 1405 3731 quos
1420 3631 1553 3711 hahent
1574 3637 1795 3724 carissimos,
1821 3628 2094 3723 commendant,
2118 3635 2248 3708 volunt
2264 3650 2309 3708 ut

276 3691 339 3767 ”d
361 3703 545 3783 pumma
559 3690 961 3812 fflnjplectuniuiuissm
978 3695 1131 3815 ⁸¹¹¹d¹¹⁸i
1150 3715 1264 3766 '⁰⁰²¹'
1315 3741 1409 3834 apud
1424 3740 1577 3814 uossint
1591 3741 1631 3810 in
1648 3753 1725 3813 tuto
1772 3742 1845 3812 acsi
1862 3741 1962 3812 dumi
1986 3754 2103 3812 essem
2124 3738 2220 3812 intra
2245 3763 2309 3832 pa-

275 3793 916 3888 bus,etcommunrtranqurll1tat1.
975 3791 1050 3865 Nec
1083 3795 1183 3866 alrud
1216 3797 1261 3868 de
1735 3793 1747 3826 ’

275 3895 456 3981 nuribus,
480 3908 516 3966 et
531 3918 616 3966 cura
630 3897 785 3966 tuendae
802 3895 1074 3990 tranquillitatis
1088 3897 1262 3994 praecipi·
1314 3855 1788 4018 &stcffitgggeffiffim‘
1818 3841 1914 4016 ,ἐπ’
1936 3867 2082 3964 quique
2103 3855 2221 3934 ΝΜ
2245 3864 2307 3912 ‘⁰⁸

1752 3969 1830 4038 perr
1889 3968 2100 4038 ocuprmus.

274 4020 374 4082 Μ’
405 4019 512 4092 ‘1⁰⁰³'
528 3997 624 4092 ΨΜ
642 3995 738 4068 ”²¹¹⁸
760 4020 780 4066 ⁰
797 3999 895 4068 ⁰⁰⁹l⁰
917 3997 1041 4069 Μὴ
1055 3999 1149 4071 clm
1163 4024 1261 4087 Μ’
1416 4061 1488 4136 Sed
1503 4063 1660 4135 vicissim
1676 4063 1745 4157 ipsi
1758 4089 1833 4135 non
1849 4066 1982 4138 debent
1996 4089 2072 4136 esse
2085 4063 2306 4139 seditionum

275 4099 444 4192 ‘imm‘
458 4093 637 4170 nmium
650 4112 772 4171 ηοω
787 4093 1058 4172 [micham
1070 4101 1261 4195 praecepi„
1312 4181 1471 4253 autores,
1486 4189 1563 4236 uon
1578 4166 1710 4238 debent
1724 4168 1870 4238 turbare
1885 4191 2110 4239 communem
2125 4167 2307 4264 tranquil-

273 4199 636 4294 ouicertepostulat‚
662 4215 704 4272 ut
721 4199 826 4272 bonis
845 4202 1008 4274 moribm
1022 4197 1258 4296 Evangelium
1328 4271 1338 4289 ,
1753 4270 1792 4288 ..
1830 4269 1869 4288 ..
2047 4269 2057 4290 .

271 4300 378 4374 mhi,
396 4303 568 4374 donnum
582 4315 750 4374 omma,
758 4348 769 4384 ‚
790 4316 833 4374 „t
857 4317 979 4375 „om
999 4307 1159 4399 ampl·
1179 4307 1259 4376 ,¹353
1311 4270 1458 4344 lrtstem.
1510 4265 1597 4341 ldeo
1616 4271 1793 4341 admonrtr
1811 4284 1888 4341 srtrs
1906 4273 2151 4345 modestsores.

270 4404 421 4496 prosint
456 4398 520 4475 Et
539 4427 744 4500 quanquam
760 4399 827 4476 bae
843 4420 986 4478 nostrae
1006 4407 1099 4499 leges
1114 4419 1258 4480 tansum
1412 4385 1597 4460 Praeterea
1619 4401 1817 4459 nocturnae
1832 4387 2104 4460 vociferationes
2121 4387 2227 4460 valde
2246 4386 2302 4456 ol-

273 4507 318 4578 de
334 4519 478 4578 externa
498 4507 767 4578 conversatione
784 4507 1020 4600 praecipiunt:
1046 4515 1166 4582 tamen
1189 4509 1259 4598 sci-
1310 4491 1464 4564 fffldussi
1491 4511 1614 4580 brim
1639 4491 1753 4577 limi,
1787 4491 2303 4584 0¹l'1'0f0010⁸¹¹¹¹if¹¹d⁴³¹³⁰la

269 4607 317 4686 ῃ.
332 4603 425 4682 hm
442 4609 693 4700 paedpgoginm
708 4609 939 4682 necessariam
952 4634 1038 4697 Μ,
1052 4635 1160 4708 qum
1175 4612 1257 4707 qui.
1310 4589 1548 4679 scholasticis,
1573 4605 1608 4664 et
1626 4591 1808 4663 interdum
1824 4595 1997 4684 praebent
2012 4593 2216 4664 occasiones
2242 4605 2306 4662 tu·

271 4711 352 4780 dem
387 4707 521 4782 paulu,
548 4705 746 4783 honorifice
774 4713 936 4798 mavit,
968 4737 1051 4784 cum
1082 4713 1150 4785 εἰς,
1183 4737 1256 4784 0332
1309 4697 1493 4770 moltibus.
1553 4691 1639 4766 ldeo
1664 4695 1935 4766 vociferationes
1956 4695 2037 4766 illas
2058 4696 2189 4767 iterum
2214 4717 2304 4787 pro-

269 4811 521 4905 pagdagogiam
546 4814 587 4883 fn
599 4808 802 4897 christum,
833 4807 903 4886 lm
922 4821 992 4900 οη,
1018 4807 1255 4907 ᾼῖςςῑριῑῃῃω,
1309 4792 1485 4870 hibemus.
1539 4793 1708 4868 Ululatus
1724 4797 1779 4866 illi
1794 4797 1963 4868 nocturni
1985 4797 2121 4891 proprii
2139 4810 2226 4868 sunt
2242 4797 2303 4868 lu·

269 4935 363 5010 quae
376 4914 564 4988 assuefacit
579 4917 707 5001 rudes,
721 4913 915 4986 ntdiscant
929 4913 1255 5006 intelligereEvan·
1308 4925 1449 4994 P⁰f¹¹¹¹b
1500 4899 1656 4970 Minime
1680 4913 1798 4971 autem
1824 4900 2158 4971 ‘¹⁰⁰‘1V0‘iffl322‘3
2182 4900 2301 4992 1ηΡΜ·
2425 4933 2426 4937 ’

268 5014 416 5108 senum,
466 5015 551 5088 Nm
567 5032 619 5090 θη
633 5017 754 5090 efficax
769 5013 1008 5107 Evangelinm
1019 5018 1060 5088 in
1074 5021 1165 5105 illis,
1191 5021 1256 5115 qui
1308 5002 1365 5074 sii
1380 5026 1452 5072 nox
1468 5002 1578 5096 quieii
1596 5015 1631 5072 ei
1647 5001 1900 5097 tranquillitati
1915 5002 2108 5089 destinata,
2128 5013 2169 5074 ui
2184 5002 2302 5074 inler-

266 5119 1255 5215 mntempupaedagogia-indulgentvisioniseupieisa.
1307 5105 1371 5176 diu
1385 5105 1498 5195 masis
1512 5104 1633 5175 idonei
1649 5106 1694 5186 ed
1710 5105 1837 5178 studia·
2424 5189 2425 5219 ,

265 5219 372 5295 tibus.
418 5217 545 5310 Qu'are
560 5217 877 5312 baecpaodagogia
894 5229 1118 5317 nequaquam
1138 5226 1253 5317 negli-
1408 5219 1462 5292 De
1477 5223 1605 5294 vestitu
1620 5223 1726 5294 etiam
1749 5225 1868 5293 dicere
1883 5223 2001 5316 cupio.
2052 5221 2123 5295 Sed
2140 5223 2180 5292 iu
2197 5233 2296 5294 tanta

265 5323 830 5416 puuaautpaeiitaciendaesc·
898 5377 901 5386 .
1057 5329 1073 5381 3.
1090 5357 1107 5384 .·
1305 5325 1448 5396 licentia
1471 5349 1597 5418 parum
1622 5325 1811 5422 proficiunt
1833 5327 1955 5399 uerba.
2012 5321 2153 5398 Hortor
2174 5339 2295 5398 tamen
2423 5361 2424 5370 κ

450 5462 456 5484 .
516 5421 977 5517 ·discita.igitur8tatuta.;
1030 5480 1070 5500 ..
1116 5433 1196 5492 Νι·
1305 5429 1521 5499 modestiora
1545 5429 1707 5519 ingenia,
1732 5442 1773 5500 ut
1795 5429 1834 5499 in
1859 5430 2089 5502 uestitu-non
2102 5420 2298 5502 imitentur

1121 5533 1195 5598 rtis.
