4884 5950
147 221 224 295 087
340 245 358 264 ’
597 217 905 317 ALLOQUIA
955 223 1033 299 ΕΤ
1082 221 1314 302 BREVES
1364 220 1717 302 conctotttts.
2100 223 2177 296 988

149 393 1133 489 “a
1537 449 1656 524 ....
1685 447 1813 526 aa·
1968 451 2171 560 usu

147 599 264 669 forma
280 595 439 672 vestitus.
491 595 562 670 Sed
578 598 752 690 significat
765 601 879 672 levem
895 603 1077 696 animum,
1100 617 1133 675 et
1468 561 1711 628 ‘mmmm'
1766 550 1878 629 ¹54¹·

148 712 432 772 contemnentem
454 698 587 771 iudicia
604 702 766 792 gravium
781 703 953 777 virorum.
1006 700 1055 776 Et
1069 705 1133 777 ubi
1183 692 1338 797 Quoties
1353 708 1399 776 ad
1414 699 1481 776 hos
1495 707 1659 800 publicos
1673 727 1881 798 congressus
1904 707 1943 776 in
1956 700 2088 776 scholis
2109 711 2171 776 aut

6 821 7 824 ’
148 803 189 873 in
212 797 268 872 his
289 801 437 880 minutis
457 801 652 874 discessum
673 817 726 876 est
742 829 763 876 a
777 805 985 900 disciplina,
1010 820 1131 900 postea
1181 808 1324 900 templis
1339 809 1557 895 accedimus,
1576 809 1681 880 toties
1696 808 1802 881 nobis
1818 809 1859 878 in
1875 821 2030 879 mentem
2045 806 2170 876 venire

148 905 378 976 confirmatur
392 905 626 979 contumacia.
673 905 822 1002 Semper
837 932 857 977 a
873 909 1004 980 talibus
1019 909 1133 981 initiis
1182 911 1307 993 debet,
1334 906 1400 981 hos
1415 923 1536 982 coetus
1558 935 1635 982 non
1655 933 1729 981 esse
1755 905 1914 980 humano
1937 909 2089 980 consilio
2110 909 2171 977 in-

148 1020 225 1078 orta
242 1019 295 1077 est
310 1005 520 1100 disciplinae
542 1007 741 1079 dissolutio.
792 1005 884 1080 Cum
899 1007 1044 1102 Legatis
1060 1011 1132 1084 Da·
1182 1013 1343 1098 stitutus,
1371 1035 1438 1082 nec
1463 1013 1610 1084 delendi
1642 1024 1780 1085 tautum
1811 1007 1967 1083 humana
1991 1034 2075 1104 ope:
2108 1011 2171 1080 sed

147 1110 207 1179 vid
225 1122 341 1180 essent
365 1109 542 1202 praecisae
558 1109 700 1180 tunicae
723 1109 766 1182 ad
783 1125 904 1197 nates,
930 1113 1043 1186 vetuit
1057 1111 1132 1186 Da·
1166 1112 1299 1186 Deum
1316 1115 1505 1206 praecipue
1524 1117 1570 1186 ad
1593 1109 1662 1186 hoc
1677 1137 1810 1186 munus
1830 1114 2032 1185 condidisse
2055 1125 2172 1184 totum

146 1213 226 1297 vid,
258 1235 305 1281 ne
335 1211 375 1280 in
397 1211 581 1304 publicum
606 1213 804 1306 prodirent.
864 1211 970 1286 Nunc
991 1211 1132 1286 schola·
1183 1240 1294 1308 genus
1316 1211 1536 1304 humanum,
1554 1213 1602 1288 ¹ut
1623 1215 1699 1309 ipse
1723 1216 1939 1301 innotescat,
1965 1228 2001 1286 et
2013 1215 2171 1285 celebre-

146 1313 245 1398 stici,
286 1313 349 1408 qui
372 1313 550 1384 debebant
572 1313 789 1405 singularem
813 1318 1064 1388 verecundiam
1099 1331 1133 1390 et
1183 1334 1262 1404 tur,
1287 1333 1322 1389 et
1344 1318 1473 1390 tradita
1497 1341 1663 1390 suavoce
1683 1331 1880 1390 conventus
1896 1311 2084 1387 huminum
2111 1317 2171 1384 in-

144 1415 354 1488 modestiam
379 1439 463 1508 prae
488 1439 525 1486 se
543 1417 658 1504 ferre,
690 1417 862 1488 incedunt
885 1418 925 1488 in
947 1413 1004 1490 his
1024 1419 1133 1492 curtis
1182 1419 1360 1501 stituisse,
1385 1421 1424 1489 in
1445 1421 1578 1515 quibus
1600 1420 1645 1490 de
1668 1416 1737 1492 Dei
1758 1422 1963 1506 voiuntate,
1995 1419 2041 1488 de
2063 1419 2170 1492 rebus

144 1517 308 1617 penulis,
334 1542 425 1614 quae
448 1541 524 1588 non
549 1531 698 1612 possunt
721 1544 761 1591 ea
785 1531 922 1611 tegere,
952 1545 1042 1618 quae
1067 1545 1133 1594 na·
1183 1523 1354 1605 aeternis,
1380 1535 1416 1593 et
1429 1523 1552 1594 multis
1566 1519 1648 1593 aliis
1669 1523 1764 1596 vitae
1783 1521 1978 1615 praesidiis
1991 1521 2054 1590 alii
2081 1521 2171 1590 alios
2266 1547 2272 1558 ·

146 1639 226 1696 tura
244 1620 360 1692 voluit
376 1619 559 1693 occultari.
1174 1619 1346 1696 doceant.
1406 1622 1567 1720 Cumque
1598 1623 1638 1695 in
1677 1619 1747 1696 boc
1777 1625 1914 1695 mundo
1947 1621 2069 1714 magni
2101 1623 2174 1692 sint

246 1719 543 1794 Commemorabo
566 1717 753 1795 historiam
782 1723 956 1818 principis
977 1723 1132 1798 Palatini
1185 1725 1421 1818 imperiorum
1437 1727 1629 1808 turnultus,
1653 1749 1803 1816 magnae
1818 1726 1960 1810 ruinae,
1983 1737 2173 1819 quaesunt

144 1823 318 1897 Friderici
336 1823 486 1896 senioris
504 1823 618 1912 illius,
633 1825 698 1919 qui
712 1849 767 1895 res
785 1827 881 1897 bello
894 1851 1039 1919 magnas
1057 1851 1134 1920 ges-
1184 1829 1307 1900 fatales
1332 1852 1467 1920 poenae
1490 1827 1638 1910 mundi,
1674 1829 1865 1900 defendere
1890 1851 1971 1900 eum
1995 1827 2083 1898 tales
2105 1825 2173 1897 ali·

144 1930 201 2003 sit.
254 1923 311 1997 Ad
336 1923 433 1999 bunc
455 1943 599 2008 venerat
621 1923 773 1998 Carolus
795 1925 877 1999 Dux
900 1927 1133 2021 Burgundiae
1185 1955 1275 2026 quos
1297 1945 1513 2018 conventus,
1544 1955 1591 2000 ne
1611 1924 1757 2023 prorsus
1778 1931 2004 2020 extinguatur
2025 1929 2087 2000 lux
2107 1932 2173 1998 dos

144 2033 184 2100 in
209 2053 324 2100 arcem
345 2027 704 2122 Heidelbergensem,
732 2029 842 2125 eique
872 2031 967 2104 inter
997 2047 1132 2106 caetera
1186 2034 1323 2104 ctriuae
1345 2033 1514 2108 coelestis.
1567 2031 1646 2104 Hac
1668 2032 1868 2104 confirmati
1891 2031 2085 2115 sententia,
2111 2055 2173 2104 co-

141 2131 280 2218 Xenia,
299 2144 342 2203 ut
356 2131 413 2216 fit,
438 2131 536 2204 dono
550 2133 649 2202 dedit
666 2131 815 2224 pallium
833 2156 875 2203 ex
898 2157 1057 2228 purpura
1080 2135 1132 2206 la·
1184 2137 1336 2226 gitcmus
1359 2129 1501 2234 scholas
1521 2131 1591 2204 Dei
1613 2135 1757 2224 politiae
1779 2157 1875 2216 esse,
1901 2143 1936 2204 et
1959 2159 1979 2203 a
2003 2133 2079 2205 Deo
2095 2155 2172 2202 ser-

144 2249 266 2320 ctum,
287 2247 321 2306 et
343 2246 511 2306 ornatum
535 2233 704 2326 preciosis
728 2236 895 2326 gemmis,
930 2237 991 2308 sed
1013 2237 1133 2324 breve,
1185 2239 1295 2322 vari,
1312 2239 1373 2308 sed
1395 2237 1483 2308 alias
1503 2237 1591 2324 aliis¹
1612 2235 1721 2319 locis,
1755 2239 1842 2308 alias
1864 2237 1904 2306 in
1923 2235 2003 2307 aliis
2022 2235 2175 2306 domic'i·
2273 2280 2276 2288 ·

143 2351 188 2409 ut
210 2351 296 2407 tune
322 2351 396 2432 erat
411 2334 572 2428 Gallicae
599 2338 716 2428 gentis
738 2337 898 2413 vestitus.
948 2336 1133 2412 Palatinus
1185 2340 1256 2413 liis.
1309 2337 1401 2410 Nam
1420 2364 1501 2410 cum
1517 2339 1680 2410 doctrina
1694 2341 1929 2431 depravatur,
1956 2351 1991 2410 et
2006 2338 2045 2408 in
2060 2337 2173 2406 mori-

143 2437 350 2510 Fridericus
371 2439 410 2510 in
433 2439 582 2534 gratiam
605 2433 758 2532 hospitis
781 2439 892 2532 pallio
915 2439 969 2512 uti
982 2443 1132 2534 cogeba-
1184 2443 1252 2514 bus
1282 2443 1467 2513 barbarica
1489 2441 1653 2514 lerocitas
1674 2433 1800 2512 solutis
1819 2441 2031 2530 'disciplinae
2053 2439 2174 2510 nervis

142 2555 222 2627 tur,
247 2541 386 2612 etiamsi
408 2541 469 2612 illa
485 2543 641 2613 brevitas
664 2541 720 2612 illi
742 2539 939 2635 displicuit.
991 2541 1042 2617 Ut
1068 2569 1133 2616 au·
1184 2545 1316 2630 oritur,
1343 2559 1464 2616 coetus
1485 2543 1546 2614 ille
1567 2547 1727 2616 desertus
1746 2541 1858 2614 aDeo
1877 2543 2088 2634 dissipatur,
2113 2555 2174 2612 aut

143 2659 217 2716 tem
236 2643 366 2715 melius
382 2657 515 2737 tegeret
530 2644 687 2738 priorem
711 2644 872 2736 corporis
888 2659 1044 2738 partem,
1070 2672 1132 2718 cu·
1184 2647 1257 2718 suis
1272 2647 1457 2718 furoribus
1471 2645 1546 2718 ruit
1558 2646 1597 2716 in
1612 2668 1745 2739 poenas
1760 2659 1796 2717 et
1810 2645 1969 2718 exitium.
2008 2643 2092 2714 Nou
2107 2639 2175 2714 bos

143 2745 237 2817 ravit
252 2747 320 2818 sibi
334 2746 555 2839 marsupium
572 2747 687 2818 latum
708 2771 749 2817 ex
763 2769 921 2838 purpura
938 2747 1034 2835 fieri,
1060 2775 1131 2846 quo
1183 2751 1334 2842 parietes
1350 2772 1432 2820 casu
1448 2764 1556 2836 stare,
1571 2773 1647 2820 non
1662 2772 1744 2820 casu
1759 2761 1813 2818 tot
1831 2748 1968 2818 lumina·
1985 2747 2174 2817 doctorum

141 2849 331 2922 incedebat
353 2863 522 2944 tanquam
536 2845 716 2922 Rhenone
739 2861 863 2923 tectus.
912 2847 1030 2922 Tanta
1057 2866 1133 2924 erat
1185 2852 1364 2946 virqrum,
1389 2866 1443 2924 tot
1459 2853 1638 2943 praeclara
1659 2850 1820 2942 ingenia,
1845 2851 1884 2918 in
1900 2873 1975 2922 uno
1991 2847 2071 2918 loco
2087 2869 2173 2925 esse.
2267 2923 2269 2930 ,

141 2965 229 3023 tunc
244 2951 284 3020 in
301 2949 493 3023 Germanis
507 2952 682 3044 gravitas,
706 2963 825 3022 tantus
842 2975 944 3022 amor
958 2977 1131 3024 verecun-
1183 2954 1336 3024 intanta
1354 2967 1575 3047 temporum,
1599 2951 1963 3044 difficultateputetis.
2015 2948 2087 3022 Sed
2105 2948 2175 3021 Dei

13 3067 19 3078 ’
141 3055 234 3124 diae.
295 3047 402 3126 Nunc
441 3054 589 3126 vestitus
629 3051 887 3145 impudentiam
926 3056 1130 3126 animorum
1182 3057 1341 3128 bonitate
1365 3051 1452 3130 haec
1484 3067 1558 3126 tota
1579 3042 1711 3126 Schola
1741 3049 1914 3126 hactenus
1942 3065 2079 3124 servata
2109 3063 2173 3121 est.

141 3157 309 3231 ostendit.
360 3153 446 3227 ldeo
467 3179 554 3246 rogo
574 3179 656 3239 vos,
680 3169 722 3228 ut
743 3155 855 3248 ligura
881 3157 1029 3230 vestitus
1052 3173 1132 3230 uta·
1182 3158 1303 3231 Simus
1318 3158 1430 3249 igitur
1451 3157 1543 3248 grati
1559 3157 1837 3229 omnibus-veris
1854 3155 1998 3242 officiis,
2023 3169 2174 3226 etcure-

140 3258 255 3346 mini,
278 3281 386 3356 quam
404 3259 559 3351 probent
575 3260 645 3329 viri
658 3263 801 3349 graves,
827 3259 1034 3352 praesertim
1050 3285 1130 3332 cum
1182 3285 1280 3346 mus,
1306 3283 1385 3332 nea
1402 3261 1549 3332 custode
1567 3259 1643 3332 Deo
1659 3260 1877 3334 deseramur.
1930 3255 2010 3350 lpse
2025 3270 2173 3330 testatus

140 3361 290 3454 plurimi
311 3351 469 3432 vestrcim
492 3359 626 3448 sciant,
666 3355 759 3431 hanc
782 3367 1019 3434 monstrosam
1041 3363 1130 3453 ligu-
1183 3377 1256 3447 est,
1281 3363 1347 3434 ubi
1369 3365 1489 3433 adesse
1509 3362 1612 3449 velit,
1637 3387 1718 3434 cum
1745 3361 1812 3434 ait:
1864 3357 2079 3455 Ubicunque
2101 3361 2174 3429 duo

140 3487 218 3534 ram
241 3463 450 3556 parentibus
467 3463 666 3558 displicere.
714 3459 781 3534 Est
801 3477 919 3533 autem
940 3459 1129 3536 inhumani
1182 3479 1244 3536 aut
1257 3475 1328 3535 tres
1344 3464 1546 3556 congregati
1563 3477 1648 3535 sunt
1663 3463 1703 3533 in
1719 3463 1867 3534 nomine
1882 3487 1976 3548 meo,
1999 3463 2039 3532 in
2055 3461 2174 3532 medio

140 3565 254 3636 animi
294 3589 370 3636 non
407 3565 524 3636 vereri
563 3577 752 3659 parentum
787 3564 934 3638 iudicia.
990 3563 1131 3639 Deinde
1183 3591 1305 3638 eorum
1320 3564 1717 3638 sum.=Meminerimus
1729 3577 1764 3636 et
1780 3587 1846 3634 nos
1861 3565 1899 3633 in
1913 3557 2176 3634 nominerri-

138 3667 300 3760 exempla
317 3667 438 3761 inepta
452 3682 583 3740 nocent
599 3667 678 3738 aliis
692 3666 996 3756 adolescentibus,
1023 3683 1057 3740 et
1077 3671 1131 3740 ol·
1182 3671 1228 3741 sti
1246 3683 1475 3760 congregatos
1498 3672 1591 3752 esse,
1619 3659 1687 3738 boc
1710 3679 1783 3750 est,
1809 3680 1844 3736 et
1858 3666 2003 3737 iuvante
2018 3657 2174 3750 Christo,

139 3769 297 3842 lendunt
314 3765 483 3864 hospites.
536 3763 763 3841 Christianos
785 3781 903 3840 autem
926 3793 1050 3842 cavere
1066 3773 1128 3842 de·
1183 3785 1217 3842 et
1234 3771 1277 3841 ad
1297 3771 1576 3842 conservandam
1592 3768 1704 3863 ipsius
1722 3764 1932 3839 doctrinam.
1966 3765 2007 3840 Si
2022 3767 2073 3836 sic
2091 3789 2175 3836 sen-

140 3887 218 3958 cet,
252 3896 298 3944 ne
321 3873 394 3944 sint
414 3871 581 3942 scandalo
604 3867 695 3946 aliis.
753 3867 911 3941 Haecin
933 3874 1131 3964 praesentia
1183 3874 1329 3960 tiernus,
1362 3887 1398 3945 et
1428 3872 1646 3960 mediocrem
1667 3871 1707 3941 in
1729 3870 1857 3942 studiis
1883 3869 2106 3960 diligentiam
2139 3881 2175 3940 et

137 3973 301 4047 breviter
317 3973 420 4047 vobis
437 3975 647 4094 exponenda
661 3993 735 4044 esse
752 3971 850 4047 duxi.
887 3971 1030 4069 Vosque
1044 3967 1130 4067 rogo
1182 3975 1392 4046 modestiam
1413 3975 1453 4046 in
1468 3973 1630 4046 moribus
1644 3971 1921 4068 praestabimus,
1947 3967 2046 4042 haud
2065 3971 2176 4041 dubie

138 4088 176 4147 et
192 4077 369 4164 obtestor,
390 4075 523 4148 utsitrs
538 4075 689 4147 modesti
707 4087 854 4167 propter
875 4075 1026 4167 gloriam
1049 4073 1130 4161 Dei,
1183 4073 1244 4148 hic
1260 4077 1497 4150 custosnobis
1513 4075 1643 4152 aderit.
1691 4071 1751 4148 Ad
1775 4069 1873 4146 hunc
1896 4075 2012 4144 finem·
2027 4073 2075 4144 de
2096 4086 2173 4145 stu-

137 4177 204 4274 qui
217 4177 354 4252 lavabit
369 4179 498 4251 studiis
521 4192 556 4252 et
572 4177 774 4252 actionibus
788 4177 935 4262 vestris,
959 4179 989 4250 si
1013 4179 1130 4273 ipsum
1183 4180 1253 4250 diis
1269 4193 1303 4250 et
1317 4179 1480 4251 moribus
1493 4185 1746 4272 proponuntur
1756 4177 1860 4248 vobis
1875 4177 1982 4268 leges,
2007 4190 2041 4248 et
2057 4199 2174 4270 quan-

138 4281 333 4368 timebitis,
352 4277 446 4354 sicut
460 4281 633 4374 scriptum
651 4293 718 4352 est:
745 4277 878 4351 Timor
889 4275 1039 4352 Domini
1058 4281 1130 4354 ini·
1183 4287 1259 4353 tum
1277 4304 1467 4374 possumus
1480 4281 1571 4353 tueri
1585 4279 1812 4373 disciplinam
1827 4281 2027 4364 studemus,
2054 4291 2095 4348 ut
2108 4284 2175 4348 ad·

135 4385 229 4456 tium
243 4383 448 4478 sapientiae.
500 4381 682 4456 Dominus
704 4393 828 4454 noster
849 4383 946 4453 lesus
966 4379 1130 4456 Christus
1182 4384 1226 4454 sit
1242 4385 1351 4454 nobis
1366 4381 1482 4470 Deus,
1507 4397 1542 4455 et
1565 4375 1659 4454 banc
1676 4377 1836 4453 scholam
1861 4387 1994 4464 servet,
2018 4393 2059 4452 ut
2075 4379 2172 4448 mul-

136 4487 311 4578 gubernet
327 4509 444 4557 mores
459 4495 493 4556 et
508 4485 626 4558 studia
641 4497 755 4556 vestra
771 4483 815 4554 ad
831 4485 981 4575 gloriam
998 4481 1065 4558 Dei
1082 4486 1128 4557 il·
1182 4501 1238 4557 tae
1254 4483 1432 4556 Ecclesiae
1447 4499 1481 4558 et
1496 4483 1658 4577 Respnb.
1678 4479 1834 4558 habeant
1850 4481 2038 4553 seminaria
2056 4483 2173 4555 bonae
2297 4481 2300 4494 '

138 4590 380 4675 lustrandam,
404 4587 500 4662 etad
517 4587 706 4658 utilitatem
721 4578 921 4674 Ecclesiae,
945 4604 981 4661 et
999 4590 1042 4660 ad
1070 4613 1128 4660 ve·
1183 4601 1219 4660 et
1235 4589 1399 4659 salutaris
1422 4588 1618 4662 doctrinae.
1669 4584 1778 4660 Scitis
1802 4587 1841 4655 in
1865 4585 2025 4680 qualibet
2047 4583 2173 4676 politia

11 4751 16 4762 .
138 4705 248 4764 stram
268 4691 431 4766 salutem.
482 4683 579 4762 Diri.
1182 4691 1277 4761 cives
1294 4691 1423 4762 debere
1437 4689 1679 4762 obedientiam
1691 4690 1767 4760 suis
1784 4687 1940 4777 legibus,
1964 4709 2039 4756 non
2054 4686 2171 4756 solum

257 4805 262 4814 '
1182 4807 1330 4885 propter
1342 4807 1543 4886 praesentes
1558 4814 1710 4886 poenas,
1731 4792 1813 4874 secl,
1833 4802 1873 4860 ut
1887 4787 2022 4860 Paulus
2039 4787 2173 4884 inquit,

1181 4895 1289 4965 etiam
1307 4910 1453 4988 propter
1467 4894 1732 4966 conscientiam.
1749 4905 1753 4914 '
1783 4890 2014 4964 severissima
2029 4907 2173 4963 senten.-

596 5056 600 5068 .
1182 4997 1233 5068 tis
1257 5010 1320 5070 est.
1372 4995 1464 5069 Nam
1492 4998 1649 5090 pollutae
1670 4993 1907 5064 conscientiae
1925 4989 2023 5065 Dens
2048 4993 2172 5064 irasci·-

134 5071 309 5196 Q
446 5150 450 5159 ·
600 5163 605 5177 .
759 5153 768 5166 .
931 5098 979 5144 ⁸¹¹0
1010 5077 1104 5145 ¹54¹·
1181 5107 1252 5172 tur.
1303 5097 1395 5171 Cum
1412 5101 1523 5189 igitur
1536 5096 1757 5169 contumacia
1775 5091 1912 5187 polluat
1928 5096 2172 5186 conscientias,

588 5261 594 5274 .
905 5259 910 5270 .
1181 5201 1336 5292 cogitent
1364 5215 1605 5280 contumaces,
1631 5221 1738 5292 quam
1760 5197 1807 5267 sit
1829 5197 2018 5282 miserum,
2050 5197 2171 5266 vivere

206 5293 242 5348 ¹⁸²
253 5287 504 5364 Q⁰³⁶⁸i⁵⁰¹¹s¹l³¹¹³
522 5288 602 5352 ΕΜ·
614 5305 641 5361 Ρ·
657 5283 742 5346 ¹⁷¹⁶·
757 5305 818 5362 'li'
1181 5303 1220 5372 in
1238 5303 1322 5374 odio
1339 5301 1428 5388 Dei,
1455 5327 1520 5372 nee
1538 5301 1674 5393 protegi
1696 5323 1762 5370 nec
1786 5300 1861 5391 regi
1877 5299 2077 5374 divinitus·
2110 5295 2170 5368 *lta

1184 5405 1348 5478 collocati
1371 5427 1493 5478 sumus
1515 5399 1680 5476 homines
1703 5403 1741 5474 iu
1762 5397 1857 5474 hunc
1873 5403 2066 5488 mundum,
2092 5412 2176 5472 tan·
2279 5495 2290 5518 ὃ
