4896 5974
121 151 197 230 633

120 323 194 398 Nec
214 338 335 399 temen
358 323 449 402 benc
466 329 603 410 reddis,
627 329 700 418 nisi
717 328 1038 445 quimajdogmota
1054 329 1122 400 di-·

172 527 331 602 Tantum
348 525 502 602 bonoad
517 532 627 602 vitam
636 445 807 604 ’νῗιίῗωε
822 553 896 602 esse
911 531 1017 608 mam.
1042 561 1045 569 ’

118 625 219 720 Ergo
235 655 360 726 precor
375 633 491 704 studia
505 629 593 704 haec
607 649 645 704 tn
658 657 798 726 semper
811 634 925 725 dirige
938 630 1093 719 Christe,

171 731 330 805 Aeterno
343 729 447 808 Siloh
462 759 545 806 vera
559 759 713 828 propago
728 735 855 808 Patris.
1115 745 1120 761 ⁸

115 1032 184 1106 No.
199 1034 286 1108 298.

113 1129 290 1160 m

923 1066 973 1111 en.
990 1043 1084 1109 1556.

890 1134 1104 1174 m

189 1231 302 1308 Legitur
329 1235 384 1292 tos
414 1251 525 1290 tarmen
558 1233 587 1288 in
617 1235 803 1292 Melsntbouis
833 1236 905 1308 spud
929 1233 1108 1292 vincentium

224 1325 252 1378 p.
264 1305 312 1358 ast
326 1323 367 1374 sq.
388 1303 434 1358 ubi
451 1303 624 1361 inscribitur:
643 1305 689 1360 De
702 1315 811 1360 roureto
824 1307 935 1374 quisuis
947 1315 1109 1370 conspectus

224 1391 301 1426 annu
314 1373 390 1429 taso.
424 1373 499 1426 ldem
511 1373 625 1427 babetur
635 1373 663 1426 in
675 1373 789 1444 Scriptis
801 1375 920 1446 publicis
929 1374 1014 1430 Acsd.
1022 1372 1109 1428 Wit-

226 1444 281 1498 tsb.
294 1444 328 1496 sd
341 1461 406 1498 sun.
421 1442 516 1510 trau,
534 1443 579 1496 utri
593 1443 759 1498 collocatum
773 1455 811 1498 est
824 1445 894 1496 inter
908 1444 962 1498 duo
975 1443 1026 1496 stis
1038 1443 1109 1496 seri-

246 1521 271 1566 ta
287 1511 459 1580 academica,
490 1529 608 1583 quornm
627 1511 742 1565 alterum
762 1511 787 1565 d.
809 1513 832 1566 2.
847 1509 922 1574 lolii,
945 1513 1062 1566 alterum
1081 1513 1108 1565 d.

225 1533 321 1636 lutatii
335 1585 426 1634 datum
441 1591 490 1634 est.
526 1579 615 1650 lgitur
626 1580 668 1633 ret
682 1579 758 1634 beel
772 1579 864 1635 ttulit
878 1580 986 1646 publice
998 1577 1107 1634 stfixum

224 1660 274 1706 est.
297 1648 341 1718 ‚t’s
348 1649 416 1704 odiit
428 1649 558 1704 nimirum
576 1658 605 1704 ut
618 1649 737 1704 edietum
749 1649 852 1708 Duceni
866 1647 969 1702 ordinis
983 1647 1108 1720 philoro-

222 1717 313 1790 phici,
338 1717 449 1781 Lareni,
468 1727 493 1769 rt
507 1717 624 1788 primurn
639 1717 741 1770 editum
756 1727 795 1771 ert
812 1717 840 1769 in
854 1717 961 1770 libello:
987 1715 1108 1786 „Oratio

224 1787 258 1840 de
276 1787 434 1841 discrimine
453 1785 543 1856 legum
558 1783 729 1857 politicarum
743 1797 769 1840 et
784 1785 974 1852 traditionum,
997 1802 1069 1906 lim
1079 1785 1109 1838 in

225 1853 347 1910 Ecclesia
372 1855 406 1908 sb
431 1852 588 1907 bominibus
611 1856 778 1912 conduntur.
825 1853 978 1908 lieeitetss
1025 1871 1109 1908 cuano

226 1923 346 1995 collegii
385 1921 579 1993 Pbitinsopbici
616 1922 750 1994 Magistro
781 1923 964 1976 Burtotemeu
985 1925 1110 1988 manu,

225 1993 268 2064 ey
287 2009 340 2046 nso
359 2001 411 2047 etc.
433 1991 561 2046 Witteb.
575 1990 733 2048 taso-8?
754 2023 792 2036 -
831 1991 889 2047 llic
905 2000 933 2045 et
952 1989 981 2044 tn
996 1989 1110 2065 Scriptis

221 2011 339 2134 putabitis
353 2057 528 2126 inscribitur:

115 2199 306 2278 Decorus
329 2161 477 2299 Gutiepii
499 2199 751 2294 Philosophiae·
773 2205 815 2274 in
832 2199 954 2274 Acuti.
980 2205 1111 2276 wure-

128 2307 318 2405 bergenst,
351 2307 686 2376 Burtotemeus
709 2307 887 2394 Laron,
919 2309 1097 2402 cygneus.

117 2439 291 2514 Ostendit
308 2441 411 2512 terris
428 2453 461 2509 et
477 2439 515 2507 in
532 2444 612 2508 aire
628 2437 737 2507 multa
756 2459 880 2508 sereno

172 2541 277 2614 Irrita
296 2562 518 2636 nequaqnam
536 2540 633 2630 signa
652 2539 768 2610 sutura
785 2535 893 2624 Deos,

117 2645 302 2738 Signaque
318 2659 463 2715 naturae
475 2667 571 2735 ,quae
587 2665 660 2710 non
677 2640 850 2717 imitantia
866 2643 959 2733 leges

171 2748 398 2818 Portemluut
409 2745 566 2816 subitum
584 2765 658 2814 non
673 2744 797 2833 procul
813 2767 886 2813 esse
899 2746 1046 2819 matum.

116 2847 287 2922 Vidimus
303 2845 371 2918 hoc
385 2868 479 2916 anuo
497 2846 661 2936 rapidum
677 2844 824 2932 flagrare
841 2862 1013 2938 cometen,

170 2952 376 3024 Sulcantem
396 2949 523 3020 dubias
538 2947 648 3016 multa
665 2969 727 3038 per
739 2959 831 3018 astra
849 2947 935 3018 vias.

116 3053 302 3147 Quodque
315 3053 383 3122 fuit
399 3051 529 3122 ruitum
545 3049 662 3118 vicino
677 3047 753 3116 sole
766 3059 932 3134 cornetae,

169 3153 263 3227 Cum
279 3155 415 3223 soleant
432 3152 562 3243 primas
576 3149 765 3240 arripuisse
779 3150 885 3224 laces:

114 3258 205 3332 Non
223 3259 321 3350 prius
333 3277 496 3326 accensos
512 3247 697 3342 biecoepit
712 3273 873 3342 spargere
888 3251 1014 3335 crines,

171 3357 364 3432 Astromm
379 3379 486 3450 quam
503 3357 575 3424 dns
590 3378 609 3424 e
625 3353 768 3442 regione
782 3353 888 3428 stetit.

114 3461 308 3556 Aequabat
323 3473 421 3530 motu
433 3453 599 3528 Phoebeus
612 3469 822 3547 noctemque
836 3455 1001 3548 diemque
1044 3505 1049 3517 .

174 3565 325 3656 Udaque
341 3561 509 3652 purpurei
528 3571 684 3648 tempora
704 3557 796 3626 veris
811 3571 926 3627 eraut:

115 3663 267 3741 Halitus
282 3691 300 3733 e
317 3664 416 3732 molli
430 3661 591 3732 subintus
607 3661 650 3728 ad
668 3653 807 3728 aetltera
824 3671 928 3742 terra,

172 3767 266 3841 Cum
284 3765 408 3837 rutilae
425 3762 602 3853 specimen
618 3759 734 3849 coepit
748 3753 878 3828 habere
892 3785 1022 3834 comae.

117 3873 305 3953 Primum,
332 3893 399 3960 qua
415 3865 504 3936 cuoli
521 3854 776 3958 npoeprprjtqr
794 3876 890 3952 parte
906 3863 1067 3952 refulget,

172 3972 315 4045 Semina
332 3970 553 4038 tlammarum
571 3962 819 4053 conspicienda
836 3963 945 4038 dedit.

114 4075 243 4150 Altius
257 4071 389 4141 arcturi
404 4091 484 4141 tuor
499 4067 542 4138 ad
558 4065 695 4154 fastigia
713 4064 838 4154 pergit,

92 4206 96 4216 ·
173 4177 251 4264 Sub
267 4174 392 4262 rapido
409 4170 526 4240 rudlas
540 4170 627 4238 dum
643 4168 727 4236 tacit
740 4189 804 4234 axe
820 4187 946 4249 usuras,

112 4279 283 4371 Denique
296 4275 385 4346 sicea
401 4295 505 4362 super
519 4268 724 4363 Cynosurae
739 4268 852 4336 sidera
867 4281 996 4354 vectius,

171 4379 336 4470 Occupat
351 4373 501 4446 Arctoae
518 4373 615 4460 sigua
632 4393 794 4460 suprema
817 4369 950 4460 plagae.

116 4483 212 4556 lntle
227 4481 374 4572 gradum
386 4489 488 4548 ,retro
504 4473 606 4553 farcit,
630 4483 663 4540 et
680 4495 769 4560 «ntae
787 4483 907 4540 noster
921 4467 1070 4541 horizon

173 4583 279 4655 Astra
297 4581 391 4670 capit
406 4599 512 4645 cursu
529 4573 743 4664 proximiore
761 4573 856 4660 legit.

115 4685 176 4761 Ac
191 4685 297 4755 simul
312 4703 476 4751 auroram
495 4677 600 4768 petit,
624 4669 814 4765 Eoumque
829 4673 958 4754 cttlrile,

169 4783 341 4859 Phoebus
357 4777 565 4852 anhelantes
580 4777 676 4844 trude
691 4775 828 4846 reducit
843 4797 963 4866 equos.

114 4889 190 4964 Hic
205 4887 301 4960 subit
314 4881 473 4965 Iasiden,
499 4893 534 4952 et
547 4902 637 4974 quae
653 4891 686 4948 te
702 4889 798 4945 trans
815 4877 901 4944 vada
920 4879 1022 4968 ponti

173 4989 321 5063 Atrium
338 4985 469 5056 Perseo
484 4979 516 5076 ¹)
532 5001 673 5070 carpere
689 4977 770 5046 fecit
788 4976 866 5049 iter.

114 5093 281 5170 Candida
295 5085 470 5174 cornigeri
486 5079 652 5154 Phoebos
667 5093 737 5149 tam
754 5077 878 5146 limina
895 5079 1002 5166 tauri,

171 5193 247 5268 Nee
262 5193 370 5264 ruodo
386 5182 567 5280 Phryxeae
584 5179 697 5251 vellus
712 5175 820 5250 habet
834 5181 928 5250 oris:

112 5313 323 5337 “fl-'⁸⁶'-

152 5367 183 5436 1)
201 5361 321 5426 mm]
340 5351 478 5424 uebetyp.
496 5348 576 5405 babet
594 5347 719 5404 Aeolide.

818 109 1143 232 urrunnun
1191 154 1409 231 mnan·
1452 172 1458 197 =

1159 326 1331 401 Protinus
1344 327 1443 402 illios
1458 329 1602 422 vestigia
1617 333 1699 404 trita
1715 347 1867 406 cometes

1210 427 1367 524 Arripit,
1393 446 1427 503 et
1442 430 1521 504 Soli
1535 434 1650 504 sidera
1667 449 1792 508 cuncta
1808 448 1916 510 tenet.

1159 531 1238 605 Hoc
1255 534 1323 604 iter
1340 535 1494 604 errantis
1505 536 1611 608 multi
1625 537 1747 608 videre
1764 551 1930 622 consue,
1959 598 1962 610 .

1209 633 1282 725 Qui
1296 636 1369 724 iera
1384 633 1593 708 Teutonicis
1609 639 1738 706 damna
1754 639 1912 709 mitratur
1926 639 2031 728 agris.

1158 733 1253 808 Sunt
1267 737 1355 806 anni
1368 737 1482 809 decies
1497 749 1594 823 octo,
1619 763 1691 832 quo
1708 753 1866 830 tempore
1881 739 1972 809 vixit
1989 733 1993 742 ’

1209 837 1290 911 Dux
1304 841 1366 934 qui
1381 837 1594 930 Burgundas
1607 839 1756 912 Carolus
1770 842 1868 910 auxit
1883 863 1984 932 opes:
2076 888 2078 896 ,

1158 938 1264 1012 Tunc
1279 941 1317 1010 in
1332 964 1496 1033 suprema
1509 941 1635 1012 similis
1648 943 1792 1032 regione
1805 940 1968 1016 Cometes

1175 1111 1179 1118 .
1208 1039 1313 1116 Aeris
1329 1037 1495 1114 horrifico
1512 1044 1653 1116 miscuit
1667 1044 1748 1135 igne
1763 1067 1910 1115 comam.

1158 1141 1192 1214 Is
1208 1157 1308 1216 motu
1324 1144 1435 1214 simili
1450 1167 1524 1214 sese
1541 1170 1605 1237 per
1621 1146 1728 1216 inane
1743 1146 1921 1229 volutans,

1206 1244 1419 1316 Permensus
1433 1247 1523 1316 coeli
1536 1247 1678 1320 climata
1695 1249 1805 1320 multa
1818 1247 1898 1320 tuit.

1156 1343 1323 1420 Astraeae
1340 1347 1496 1438 primum
1511 1349 1625 1419 tenuit
1640 1349 1793 1420 confinia
1812 1348 1942 1418 Librae

1208 1445 1333 1520 Arctoi
1349 1447 1452 1540 petiit
1466 1449 1622 1520 eulmina
1640 1451 1770 1520 deinde
1785 1451 1871 1542 poli.

1156 1549 1226 1624 Sed
1244 1573 1404 1620 remeans
1420 1551 1520 1621 illinc
1536 1551 1692 1622 medium
1709 1577 1779 1644 qua
1795 1551 1948 1622 circulus
1962 1551 2085 1620 orbem

1208 1650 1349 1723 Dividit
1365 1653 1570 1741 astrigeram
1586 1653 1722 1723 lumine
1736 1654 1821 1724 texit
1836 1677 1952 1725 ovem.

1156 1751 1264 1825 Nrrlla
1279 1766 1372 1824 aetas
1388 1754 1477 1823 vidit
1492 1755 1698 1845 flagrantem
1714 1754 1861 1846 impune
1874 1751 2059 1836 Cometen,
2125 1765 2128 1772 '

1206 1853 1290 1926 Non
1306 1855 1384 1952 leue
1400 1869 1589 1926 venturum
1608 1855 1755 1926 nunciat
1771 1855 1832 1924 ille
1850 1855 1993 1928 malum.

1158 1955 1264 2028 Tunc
1300 1981 1443 2050 quoque
1474 1959 1598 2029 crebra
1627 1958 1711 2028 tulit
1742 1956 1889 2026 summis
1920 1953 2146 2024 incommoda

1670 2059 1803 2150 regnis,

1209 2155 1342 2228 Civiles
1354 2151 1490 2244 motus,'
1514 2160 1657 2250 publica
1673 2163 1802 2232 damna
1818 2159 1913 2236 tulit.

1159 2257 1302 2352 Quippe
1319 2273 1498 2330 secuturas
1515 2277 1646 2352 strages
1661 2263 1847 2354 tristesque
1862 2259 1996 2344 ruinas,

1209 2357 1328 2454 Atque
1344 2377 1424 2432 tuae
1441 2363 1583 2446 retulit,
1607 2359 1754 2448 Carole,
1780 2365 1879 2451 signa
1895 2362 2004 2432 necis.

1157 2461 1322 2533 Proxima
1338 2463 1395 2532 vix
1409 2487 1449 2532 ea
1465 2477 1545 2555 post
1558 2463 1722 2534 incendia
1738 2477 1882 2533 venerat
1897 2475 2020 2546 aestas,

1208 2562 1358 2635 Carolus
1374 2563 1557 2634 Helvetico
1574 2589 1694 2636 caesus
1710 2568 1755 2635 ab
1772 2559 1874 2636 hoste
1890 2563 1994 2637 cadit.

1159 2663 1216 2735 Tu
1234 2689 1375 2758 quoque
1394 2661 1593 2760 Tisiphone
1608 2665 1754 2747 mundi,
1780 2679 1820 2735 to
1833 2665 1932 2734 dirus
1947 2663 2089 2743 alastor,
2138 2742 2142 2753 Ι

1210 2765 1327 2836 Testis
1341 2781 1375 2836 et
1391 2767 1554 2836 immensi
1571 2769 1649 2852 fax,
1675 2763 1899 2850 Mahomete,
1924 2765 2019 2848 mali,

1158 2866 1269 2938 Panlo
1287 2882 1364 2956 post
1379 2869 1517 2958 fugiens
1533 2869 1687 2940 cecidisti
1703 2865 1893 2962 Hydrunte
1908 2866 2044 2937 relicte:

1209 2969 1370 3040 Tandem
1387 2965 1611 3060 blasphemos
1625 2969 1794 3062 opprimit
1809 2969 1862 3038 ira
1876 2967 1957 3041 Dei.

1158 3069 1263 3142 Nunc
1292 3095 1434 3168 quoque
1460 3068 1685 3164 blasphemos
1715 3065 1910 3164 taugeut²)
1940 3065 2148 3162 Turnusque

1673 3171 1878 3266 Papamque

1210 3273 1462 3367 Adproperans
1478 3275 1638 3347 Nemesis
1653 3275 1895 3370 iudiciumque
1910 3269 1988 3347 Dei.

1160 3373 1330 3464 Dogmata
1348 3379 1527 3464 turbabit,
1552 3379 1681 3469 passim
1696 3377 1909 3448 sterilescere
1925 3397 2067 3466 campos

1209 3475 1336 3566 Coget,
1363 3491 1398 3548 et
1413 3479 1562 3549 adducet
1578 3493 1737 3567 tempora
1754 3481 1843 3548 dura
1859 3477 1960 3547 lamis
1973 3473 2019 3569 ⁸).

1161 3575 1230 3650 Sed
1246 3603 1456 3672 quaeramus
1473 3605 1576 3670 opem
1593 3579 1785 3662 divinitus,
1811 3593 1915 3669 atque
1931 3601 2116 3670 precemur

1214 3679 1370 3750 Artemo
1387 3697 1531 3768 gnatum
1548 3683 1591 3749 de
1609 3681 1768 3769 genitore
1784 3672 1908 3776 λόγον.

1161 3777 1275 3850 Filius
1291 3783 1425 3850 aeterni
1441 3775 1564 3879 λόγος,
1592 3781 1793 3872 effigiesque
1808 3777 1973 3870 parentis,

1214 3879 1388 3952 Assiduus
1403 3898 1518 3952 custos
1534 3883 1684 3972 agminis
1698 3883 1772 3973 ipse
1785 3881 1852 3963 sui,

1161 3981 1335 4055 Defendet
1352 3998 1491 4062 sanictos
1506 3985 1599 4054 inter
1616 3985 1705 4052 irrata
1722 3984 1873 4073 plurima
1890 3981 2028 4066 mundi,
2112 4027 2114 4034 -

1212 4085 1285 4174 Qui
1303 4087 1424 4154 mitem
1440 4089 1632 4156 totocorde
1647 4099 1836 4174 precantur
1849 4107 1965 4174 opem.

1161 4183 1254 4257 Cora
1271 4187 1316 4256 sit
1331 4188 1462 4256 interea
1482 4190 1588 4256 vitam
1605 4187 1754 4256 coluisse
1770 4188 1964 4255 modestam

1213 4283 1396 4358 Omnibus
1413 4308 1444 4358 et
1464 4289 1562 4358 verbi
1580 4289 1714 4356 discere
1732 4288 1808 4358 iura
1822 4287 1922 4355 sacri.

1161 4387 1256 4459 Dent
1270 4390 1373 4458 etiam
1389 4391 1494 4460 solito
1511 4391 1615 4459 nobis
1631 4413 1693 4458 sua
1712 4391 1857 4459 nomine
1873 4411 1985 4472 more,

1212 4489 1405 4560 Censuram
1422 4491 1529 4582 studii
1545 4491 1605 4581 qui
1623 4492 1771 4560 subiisse
1787 4490 1923 4564 volunt.

1160 4590 1243 4662 Nou
1260 4594 1361 4662 labor
1377 4588 1430 4659 his
1446 4593 1556 4661 deerit
1572 4605 1710 4676 noster,
1735 4615 1799 4659 nec
1816 4587 1927 4658 antica
1943 4587 2121 4676 voluntas,

1212 4694 1359 4786 Semper
1375 4709 1408 4763 et
1425 4694 1575 4784 ingeniis
1593 4694 1748 4764 officiosa
1767 4691 1871 4762 bouis
1886 4687 1929 4786 ⁴).

1195 4889 1223 4944 et
1243 4889 1376 4958 tongent]
1394 4887 1494 4944 arebat.
1511 4898 1604 4957 neget.

1194 4973 1223 5040 S)
1248 4973 1303 5026 Pro
1320 4975 1467 5040 Dogmata
1493 4977 1617 5028 turbabit
1634 4999 1670 5016 -
1692 4999 1722 5012 -
1746 4973 1823 5026 dum
1839 4969 1935 5040 samis
1958 4971 2098 5046 srehetyp.
2124 4983 2151 5030 st

1230 5043 1289 5098 Ser.
1314 5045 1389 5112 publ.
1408 5043 1521 5098 babent:

1298 5127 1329 5178 Et
1345 5138 1446 5196 segetes
1461 5127 1558 5197 passim
1571 5125 1651 5180 siccis
1666 5123 1820 5178 morientur
1835 5123 1977 5194 inberbis,

1335 5197 1365 5247 Et
1379 5197 1443 5248 frent
1457 5195 1548 5248 multis
1561 5193 1634 5247 arida
1650 5193 1774 5246 nrembrr
1787 5191 1869 5248 sume.

1195 5279 1224 5348 l)
1244 5281 1346 5364 ⁸Versus
1362 5289 1510 5401 pqrsqfeuros
1524 5279 1586 5332 inde
1600 5295 1628 5331 aa
1653 5279 1731 5334 Dent
1744 5281 1929 5335 attemerare
1941 5291 2008 5349 ete„
2028 5279 2150 5338 Vires!-

1233 5363 1284 5405 itus
1300 5367 1355 5404 που
1389 5367 1402 5401 e
1423 5361 1454 5402 u.
