4896 5974
138 177 218 256 sta

137 351 215 426 Seu
231 353 347 425 fictam
366 348 549 428 monacbis
571 373 758 448 personam
775 350 955 442 detrahet,
980 369 1089 454 atque

193 456 339 528 Aeser-et
352 459 486 528 ademi
500 460 664 548 dogmata
680 482 761 528 vera
778 455 856 536 Dei.

142 555 346 652 Quaslerct
358 583 546 632 aerumnas
561 561 664 632 iuriis
678 561 894 650 agitantibus
912 555 1055 632 hostes?

193 659 338 730 Tollere
358 662 420 757 qui
439 665 591 732 emedio
612 663 680 734 tale
694 657 883 734 Catharma
900 663 1032 740 volent.

139 759 200 834 Sic
218 761 325 834 etiam
343 759 477 834 Ductor
493 764 807 836 sincerusvictima
821 764 894 849 fiet,

190 861 416 960 Assidueque
431 867 509 940 litat
524 867 696 957 sanguiue
715 881 748 937 et
765 866 838 960 ipse
854 891 930 936 sno.

137 960 234 1038 Ecce
249 981 347 1038 tenes
361 991 502 1054 causas,
528 993 591 1038 cur
605 969 694 1038 ritus
708 967 848 1038 dedicat
862 965 898 1064 ²)
913 969 1021 1055 idem,

188 1067 241 1140 Et
253 1071 423 1163 pecudem
440 1086 473 1142 et
489 1085 626 1166 mystea
642 1071 704 1164 qui
721 1071 778 1163 pia
791 1093 888 1140 sacra
905 1070 999 1147 lacit.

135 1167 212 1244 Ista
226 1169 418 1242 sacerdotis
434 1167 568 1244 Christi
584 1173 766 1242 verissima
781 1173 896 1262 imago
913 1187 989 1259 est,

189 1272 357 1346 Muneris
374 1268 457 1344 huic
473 1275 576 1346 detur
590 1273 701 1364 gloria
719 1275 833 1366 prima
845 1274 945 1345 sacri.

132 1372 211 1448 Hic
228 1381 305 1446 sine
318 1375 398 1446 labe
414 1377 501 1462 luit,
524 1377 688 1470 claraque
702 1375 740 1446 iu
757 1377 834 1447 luce
848 1391 1031 1470 parentent

188 1475 242 1550 Et
257 1478 370 1562 videt,
393 1491 426 1548 et
443 1503 526 1550 vcro
542 1501 680 1571 semper
695 1473 832 1549 honore
846 1479 943 1552 colit.

131 1575 237 1652 Huic
248 1579 345 1652 Deus
359 1580 432 1672 ipse
447 1604 592 1650 manum
607 1581 794 1672 imposuit,
819 1580 993 1676 iussitque
1006 1583 1132 1654 docere

191 1678 333 1754 Arcana
349 1697 492 1754 aeterno
508 1681 672 1772 dogmata
691 1697 828 1774 promta
843 1683 937 1754 sinu.

131 1781 249 1856 Hsrnc
263 1807 419 1877 pressere
432 1809 559 1870 manus
576 1797 610 1854 ct
627 1783 719 1854 iussa
737 1807 856 1854 severa
872 1785 1041 1876 parentis,
1058 1787 1061 1794 ’

189 1885 377 1980 Supplicia
395 1899 433 1956 ut
450 1886 724 1988 lueretcrimina
741 1897 860 1956 nostra
875 1909 951 1958 suo.

131 1987 247 2061 Hunc
264 1989 348 2059 licet
368 1989 537 2073 inferior,
560 1989 748 2060 comitatur
763 2001 897 2061 caetera
913 1989 1030 2075 turba,

190 2085 312 2164 Officii
328 2090 473 2162 titulum
491 2091 547 2160 c'ui
563 2091 662 2160 dedit
678 2091 751 2182 ipse
768 2091 832 2160 sui.

134 2195 228 2265 Vult
243 2189 430 2282 Evangelii
449 2195 612 2264 custodes
627 2217 766 2284 semper
784 2187 921 2280 haberi,

190 2295 325 2368 Militia
340 2295 456 2366 socios
471 2318 610 2385 semper
623 2309 657 2365 et
671 2319 745 2364 esse
761 2317 855 2368 suae.

135 2397 227 2472 Cum
247 2411 361 2468 mater
376 2409 479 2466 vocat
495 2395 561 2466 hos
577 2392 734 2468 Ecclesia
752 2397 898 2466 tramine
912 2390 1059 2487 Christi,

188 2499 340 2572 Mandat
356 2511 391 2568 et
408 2497 572 2589 imposita
587 2523 735 2570 munera
756 2521 851 2568 sacra
868 2523 996 2570 manu:

137 2601 326 2678 Admoniti
343 2601 480 2672 discant
494 2600 596 2670 istius
610 2601 765 2690 imagine
779 2601 881 2686 ritus,

186 2705 258 2778 Hie
272 2706 362 2774 ordo
378 2715 552 2796 quantum
569 2703 779 2794 polliceatur
795 2725 896 2794 opus.

136 2805 186 2884 Ut
199 2829 305 2897 pecus
321 2819 403 2880 ante
419 2827 497 2872 aras
513 2805 693 2898 quondam
711 2817 843 2876 sacrata
861 2803 1019 2892 cadebat,

187 2907 298 2980 Tosta
312 2903 389 2977 Deo
406 2920 446 2977 ut
462 2907 584 2976 herent
600 2907 731 2975 viscera
745 2905 862 2976 suavis
878 2907 986 2976 odor:

138 3009 292 3082 Victima
308 3011 358 3080 sic
375 3009 480 3080 etiam
497 3003 641 3078 Christo
654 3009 693 3078 fit
709 3009 858 3102 quisque
875 3009 1048 3094 sacerdos,

186 3111 373 3184 Laudibus
388 3123 428 3182 ut
445 3111 602 3200 fragrent
617 3123 729 3195 terra,
751 3111 925 3204 polusque
939 3107 1018 3182 Dei.

137 3215 237 3288 Talis
249 3213 343 3287 Abel
361 3227 521 3282 tenerum
547 3235 635 3304 pure
651 3225 865 3283 mactaverat
883 3235 1028 3304 agnum,

187 3317 314 3408 Agnus
328 3311 366 3386 at
378 3314 485 3386 exitio
501 3337 583 3384 mox
600 3314 703 3386 datus
719 3314 794 3407 ipse
809 3313 890 3388 fuit.

136 3417 296 3492 Consilio
312 3416 442 3510 patrias
460 3411 585 3486 Esaias
598 3413 688 3486 rexit
703 3409 871 3508 habenas,

186 3517 233 3594 Et
247 3517 397 3612 trepidis
413 3531 537 3611 portus
553 3517 691 3588 civibus
706 3517 768 3588 ille
785 3518 864 3591 luit.

136 3619 283 3714 Depnlit
301 3617 488 3716 Assyrium
506 3617 662 3714 Solymis
676 3643 696 3692 a
712 3620 903 3691 moenibus
914 3613 1070 3708 hostem,

186 3723 324 3796 Victori
342 3744 479 3814 ponens
495 3720 589 3792 clara
606 3715 774 3814 trophaea
790 3719 878 3792 Deo.

138 3823 281 3923 Iamque
297 3849 402 3896 senex
421 3835 563 3894 centum
580 3821 673 3892 vitae
689 3823 886 3894 confecerat
902 3845 1028 3908 anrros,

184 3927 277 4002 Cum
294 3949 389 3998 serra
406 3925 533 3995 scissus
547 3925 689 3994 victima
706 3937 740 3995 et
755 3925 829 4016 ipse
844 3923 923 3997 l'uit.

135 4030 249 4104 Nemo
266 4043 380 4122 potest
391 4051 585 4098 memorare
595 4051 731 4112 omues,
746 4027 984 4119 spectabimus
996 4052 1131 4116 omncs,

184 4131 277 4206 Cum
293 4129 391 4202 Deus
407 4129 567 4199 induerit
582 4151 730 4220 corpore
748 4154 924 4225 quemque
940 4154 1046 4204 novo.

135 4236 239 4310 Talia
254 4235 319 4306 sed
335 4233 508 4326 quaedam
526 4232 668 4321 prodest
686 4231 843 4323 exempla
854 4230 997 4318 tencre,

191 4337 273 4408 Non
289 4333 447 4426 Baptista
465 4333 575 4423 igitur
591 4335 959 4424 praetereunduserit.

135 4435 204 4512 Hie
217 4435 414 4528 Evangelio
429 4447 625 4504 monstrato
638 4435 786 4506 tradidit
803 4432 919 4525 Agna,

184 4540 367 4612 Placatnm
385 4537 491 4608 nobis
513 4536 575 4629 qui
589 4537 672 4606 lacit
691 4561 764 4606 esse
777 4536 906 4613 Deum.

132 4638 180 4716 Et
193 4637 467 4713 Pharisaeorum
484 4651 604 4710 taxant
617 4639 761 4722 deliria,
787 4639 878 4710 ritus

183 4744 342 4817 Fucosos
359 4741 471 4815 vetuit
490 4765 556 4832 pro
576 4739 705 4831 pietate
721 4741 833 4834 sequi.

133 4845 397 4940 iustificamque
415 4845 519 4914 hdem
536 4843 658 4912 docuit
673 4840 835 4912 Iordanis
851 4843 894 4922 ad
911 4843 1058 4944 undam,

182 4938 229 5022 Et
247 4971 354 5040 rupes
375 4939 563 5018 Gnathum
580 4939 615 5041 ³)
632 4944 701 5014 iarn
717 4965 868 5015 sonuere
882 4944 963 5016 Dei.

134 5050 311 5124 Sardibus
325 5043 492 5120 humanis
509 5045 581 5118 Lex
595 5046 781 5117 obscurata
798 5045 944 5136 iaccbat,

183 5152 280 5225 Huic
298 5152 404 5222 ctiam
423 5153 536 5222 lucem
553 5149 711 5220 reddidit
726 5149 787 5220 illc
805 5172 915 5222 suam.
1027 5171 1033 5180 “

136 5261 347 5274 *un——

166 5303 194 5372 η
217 5297 367 5369 Archetyp.
379 5297 505 5362 dedam,
523 5291 678 5348 exurendo.

166 5387 196 5459 1)
215 5383 369 5456 metram.
379 5394 406 5441 et
419 5381 482 5440 ms.
496 5389 616 5452 mam,
639 5377 779 5438 mutue.

856 177 1185 260 CARMINUM
1234 181 1340 260 tta.
1366 179 1449 256 111.

1188 353 1355 446 Congrua
1370 352 1561 448 descripsit
1572 354 1686 427 civilis
1700 379 1849 429 munera
1864 357 1971 446 vitae,

1240 458 1393 552 luraque
1406 458 1603 544 militibus,
1627 459 1876 555 iudicibusque
1892 462 2003 535 dedit.

1188 559 1307 655 Atque
1323 559 1429 630 fidem
1444 560 1547 630 iussit
1561 560 1679 630 lucere
1693 561 1732 630 in
1747 564 1855 634 rebus
1869 564 2027 655 agendis,

1238 661 1368 733 Notior
1384 673 1424 732 ut
1439 663 1537 732 heret
1552 663 1663 752 gloria
1680 686 1762 734 vera
1779 665 1862 739 Dei.
1915 654 1918 660 ¹

1187 762 1355 854 Coniugii
1369 763 1480 834 sancit
1493 763 1624 854 legem,
1650 767 1866 859 damnatque
1882 763 2079 864 Thyesten,

1240 864 1414 954 Uxorem,
1437 867 1558 936 fratris
1575 867 1635 959 qui
1655 891 1778 960 rapere
1792 891 1898 939 ausus
1914 883 2000 956 erat,

1188 965 1308 1057 Quare
1324 965 1518 1060 Baptistam
1534 969 1687 1038 crudelis
1702 971 1861 1041 adultera
1879 971 2008 1063 perdit,
2141 1027 2144 1030 -

1237 1067 1310 1158 Qui
1328 1069 1484 1140 moriens
1499 1070 1609 1140 veluti
1628 1071 1769 1141 victima
1787 1097 1883 1142 caesa
1900 1073 1999 1146 iacet.

1186 1170 1340 1242 Notitiae
1355 1165 1492 1241 Christi
1509 1169 1729 1264 Stephanus,
1755 1197 1829 1243 non
1845 1175 2016 1266 sanguine
2032 1171 2147 1244 Tauri

1238 1273 1396 1345 Restitui
1413 1273 1505 1344 vitae
1519 1275 1613 1344 dona
1634 1276 1822 1368 perennis,
1844 1277 1905 1350 ait.

1184 1373 1319 1448 Contio
1340 1373 1528 1446 Pontifices
1543 1375 1679 1467 ingrata
1695 1379 1856 1449 accendit
1871 1400 2008 1460 avaros,

1239 1477 1280 1548 ln
1297 1491 1402 1570 caput
1417 1495 1457 1548 ut
1473 1477 1627 1548 iacerent
1642 1503 1764 1572 aspera
1782 1503 1861 1550 saxa
1878 1481 1961 1554 viri.

1187 1578 1305 1674 thue
1319 1581 1408 1650 alios
1425 1579 1556 1650 multos
1572 1581 1713 1666 sileam,
1738 1583 1777 1652 ht
1791 1583 1935 1654 victima
1950 1579 2095 1665 Paulus,

1234 1679 1314 1754 Euo
1330 1679 1464 1752 Christi
1483 1705 1614 1752 nomeu
1629 1685 1674 1752 ab
1690 1685 1776 1752 orbe
1792 1705 1928 1774 gerens.

1186 1779 1232 1856 Et
1245 1787 1332 1854 dnm
1349 1807 1408 1854 sex
1425 1784 1545 1854 lustris
1561 1799 1725 1878 terraque
1739 1787 1901 1880 marique
1916 1797 2075 1877 vagatur,

1234 1885 1289 1957 Ac
1304 1881 1541 1976 Evangelium
1557 1889 1689 1980 spargit
1704 1887 1837 1982 ubique
1852 1887 1936 1958 Dei:

1185 1984 1232 2060 Et
1247 2004 1349 2081 negat
1366 1989 1524 2078 extingui
1541 2003 1695 2060 mentem
1712 1989 1884 2060 divinitus
1899 2003 2025 2074 ortam,
2046 2035 2051 2052 ψ.

1233 2087 1405 2182 Corporis
1419 2115 1439 2162 e
1456 2090 1583 2159 vinclis
1598 2093 1743 2186 quaudo
1762 2091 1876 2162 soluta
1891 2093 1992 2181 fugit.

1184 2189 1463 2286 proponensque
1479 2193 1583 2262 malis
1600 2217 1748 2284 poenas,
1774 2205 1809 2263 et
1826 2194 1980 2284 praemia
1999 2187 2102 2262 iustis

1236 2291 1398 2363 Arbitrio
1418 2317 1502 2363 vero
1518 2295 1764 2365 distribuenda
1780 2295 1862 2366 Dei:
2004 2289 2007 2294 ’

1186 2391 1359 2465 Iustitiam
1375 2409 1558 2478 monstrat,
1580 2421 1685 2490 quam
1693 2393 1828 2466 Christi
1846 2410 1990 2490 propter
2004 2387 2178 2463 honorem

1234 2493 1411 2568 Aeternus
1427 2498 1531 2567 nohis
1546 2501 1607 2569 dat
1622 2513 1737 2589 pater,
1763 2513 1868 2594 atque
1883 2498 2024 2591 prohat·

1045 2619 1050 2629 ’
1185 2597 1321 2668 Interea
1340 2623 1496 2690 pugnae,
1523 2601 1721 2694 pugnisque
1737 2602 1894 2694 pericula
1910 2601 2041 2680 iuncta,

1235 2699 1325 2770 Tam
1340 2703 1448 2792 longo
1465 2719 1626 2774 exercent
1642 2715 1802 2794 tempore
1819 2703 1917 2772 mille
1934 2699 2064 2770 virum.

1182 2798 1277 2870 Dum
1296 2803 1439 2874 tandem
1456 2805 1612 2874 ferienda
1631 2805 1729 2874 dedit
1746 2827 1808 2875 sua
1826 2806 1916 2875 colla
1937 2797 2087 2886 Neroni·

1234 2899 1283 2974 Et
1296 2905 1405 2976 iacuit
1420 2919 1588 2999 tanquam
1603 2906 1672 2976 vile
1688 2909 1838 2976 cadaver
1855 2901 1967 2976 humi.

1184 3005 1311 3076 Nostra
1327 3007 1432 3077 etiam
1446 3009 1536 3078 vidit
1552 3033 1755 3104 quanquam
1770 3009 1948 3078 infelicior
1962 3015 2067 3086 aetas,

1233 3105 1307 3196 Qui
1324 3109 1415 3180 vitae
1430 3106 1612 3181 Christum
1629 3127 1862 3204 praeposuere
1878 3132 1973 3181 suae.

1182 3205 1252 3279 Hic
1266 3211 1329 3281 ubi
1344 3212 1459 3284 diviso
1475 3213 1692 3308 Batavorum
1709 3229 1761 3286 cst
1775 3213 1892 3285 insula
1908 3205 2051 3289 Rheno,

1123 3335 1128 3343 ’
1234 3313 1455 3384 Sudnaniam
1473 3315 1512 3384 in
1528 3316 1605 3408 ripa
1622 3317 1711 3386 dure
1728 3315 1914 3388 Sicamber
1928 3307 2050 3384 habes.¹
2160 3315 2161 3322 ’

1093 3453 1095 3465 ·
1184 3409 1282 3482 Haec
1305 3417 1388 3485 tulit
1402 3415 1599 3488 Henricnm
1617 3419 1748 3502 civem,
1774 3443 1879 3510 quern
1894 3415 2051 3486 vidimus
2072 3405 2153 3501 ipsi,

1234 3513 1439 3589 Florentem
1457 3519 1602 3602 stodiis,
1627 3519 1835 3613 ingeniique
1852 3517 1969 3588 bonis.

1182 3615 1252 3686 Hic
1269 3631 1343 3688 toto
1357 3615 1491 3702 Christi
1506 3621 1661 3712 spirabat
1677 3633 1817 3712 pectore
1831 3641 2001 3698 amorem,

1232 3716 1301 3789 Cui
1316 3722 1454 3796 studuit
1467 3745 1548 3791 vera
1566 3723 1716 3792 reddere
1732 3736 1813 3794 vota
1832 3723 1911 3792 lide.

1182 3817 1393 3916 Eximiaque
1408 3845 1490 3895 suos
1502 3847 1619 3894 mores
1634 3825 1763 3915 pietate
1784 3825 1936 3914 regebat,

1235 3920 1419 3995 Virtutum
1436 3925 1636 4018 exemplum
1653 3939 1769 4018 posset
1783 3941 1825 3998 ut
1839 3926 1923 4000 inde
1938 3922 2027 4017 capi.

1184 4021 1367 4118 Quicquid
1384 4027 1419 4096 id
1439 4042 1508 4112 est,
1533 4030 1628 4122 quod
1646 4032 1691 4100 de
1712 4043 1839 4099 natura
1856 4026 2007 4100 Graecia
2025 4022 2178 4116 scripsit,

1236 4123 1385 4199 Artibus
1402 4131 1562 4201 excultus
1576 4125 1681 4202 norat'
1697 4145 1731 4202 et
1747 4131 1808 4202 ille
1822 4129 1941 4204 bonis.

1183 4225 1281 4318 Quas
1296 4244 1413 4304 teneat
1427 4247 1538 4304 metas
1550 4236 1641 4302 dum
1656 4247 1770 4304 tottam
1786 4233 1923 4325 perficit
1939 4253 2088 4314 aunum,

1232 4333 1375 4402 Aureus
1388 4335 1537 4429 obliquo
1552 4319 1719 4407 Phoebus
1736 4338 1775 4406 iu
1789 4338 1876 4406 orbe
1889 4355 2023 4407 means.

1180 4431 1372 4522 Longiusa
1389 4449 1484 4506 terra
1500 4461 1580 4506 curu
1596 4461 1736 4508 summo
1753 4440 1876 4508 tardus
1890 4437 1929 4505 iu
1945 4457 2009 4505 are

1232 4533 1422 4624 Volvitur,
1447 4552 1586 4610 arentes
1600 4563 1665 4610 cur
1682 4541 1810 4632 premit
1827 4551 1943 4608 aestus
1957 4557 2072 4627 agros.

1181 4633 1274 4722 Cur,
1299 4640 1438 4734 quoties
1455 4641 1528 4710 imo
1546 4643 1704 4714 velocior
1717 4643 1785 4713 ibit
1800 4642 1839 4710 in
1854 4663 1917 4710 axe

1231 4735 1279 4812 Et
1294 4743 1440 4834 propior
1454 4757 1587 4830 terrae,
1610 4744 1739 4836 frigida
1754 4741 1887 4815 Bruma
1901 4737 2024 4810 venit?

1179 4837 1276 4912 Haec
1293 4844 1340 4914 ita
1358 4845 1602 4938 contemplans
1616 4861 1794 4934 autorem,
1820 4865 2007 4934 agnoscere
2027 4837 2143 4922 iussit»

1230 4941 1281 5015 Et
1295 4967 1382 5037 pure
1400 4961 1514 5037 grates
1530 4949 1647 5020 dicere
1664 4961 1783 5018 mente
1799 4947 1888 5018 Deo.

1179 5041 1276 5117 Haec
1291 5049 1342 5119 ait
1360 5051 1552 5120 ostendunt
1569 5051 1674 5121 nobis
1688 5050 1838 5141 illustria
1853 5047 1953 5138 sigua

1229 5143 1386 5220 Aeterna
1403 5153 1577 5222 mundum
1594 5176 1668 5222 nou
1683 5151 1760 5222 sinc
1776 5163 1895 5221 mente
1909 5145 1997 5242 regi.

1178 5245 1302 5322 Altera
1321 5254 1380 5322 scd
1399 5255 1520 5346 potior
1535 5253 1603 5324 luit
1616 5253 1672 5324 illi
1688 5276 1773 5324 cura
1788 5269 1920 5334 tenere,

1231 5347 1366 5428 Extant
1383 5380 1473 5452 quae
1488 5355 1595 5428 nobis
1609 5357 1739 5432 tradita
1755 5377 1840 5431 voce
1855 5351 1936 5434 nei.
