4888 5962
264 115 342 193 779
861 97 1283 197 Quaus'rtottds
1307 102 1718 196 'ACADEMiCAE
1947 123 1949 130 '
2208 121 2311 202 πο

265 285 309 361 de
324 273 462 390 officiis
479 276 612 356 dorum
627 273 833 365 canalium,
859 271 994 363 ultera,
1019 301 1071 349 on
1087 299 1261 351 mousom
1287 329 1290 336 .

262 386 380 466 Plalo
394 383 540 488 Ρθδδὶἰ·Ρ
1312 385 1409 456 mani
1428 387 1587 480 corporis
1603 385 1698 464 Deus
1721 393 1826 462 nobis
1848 394 2054 485 proposuit,
2080 396 2201 466 deiero
2215 392 2317 468 hane

359 490 413 566 Ac
427 491 582 586 primum
598 483 745 556 mirifica
758 480 906 553 omnino
922 479 1108 552 fabricatio
1123 493 1176 552 εει
1191 473 1262 552 hu·
1286 529 1290 568 ,
1311 489 1553 579 quaestionem
1574 494 1618 560 ad
1643 491 1875 584 Magnificum
1897 496 2085 567 dominnm
2108 495 2317 570 l'icerecttt.

259 598 363 672 mani
381 591 554 687 corporis,
580 589 704 682 inqua
728 597 866 658 tantum
890 584 975 654 artis
996 579 1161 672 adhibuit
1182 583 1261 675 opi·
1286 657 1290 672 ,
1311 611 1408 676 rem,
1441 589 1494 661 M.
1520 585 1729 664 Iohannem
1759 589 2005 688 Marcellum,
2036 613 2316 673 conterraneum

264 701 341 785 fex,
362 710 403 770 nt
419 697 703 787 agnosceremus,
727 711 802 758 non
818 709 901 756 casu
917 686 1071 758 extitisse
1087 679 1179 756 hanc
1196 709 1260 754 na-
1286 681 1290 824 Ι
1311 715 1430 776 meum
1446 693 1685 784 carissimum,
1709 721 1906 792 quemme,
1931 713 1989 787 ut,
2014 725 2216 797 quanquam
2231 728 2317 774 am.

198 877 200 880 .
265 814 386 876 turam
408 819 549 878 rerum,
572 792 634 862 sed
657 815 678 861 a
700 804 820 860 mente
839 782 1117 860 architectatrice
1134 785 1262 858 condi·
1287 832 1289 845 ‚
1312 791 1452 885 plitudo
1470 788 1597 866 harum
1617 823 1736 869 rernm
1760 824 1833 869 non
1854 816 1968 892 potest
1991 801 2321 900 paucisesplicari,

266 916 342 974 tam
359 923 444 974 esse.
494 892 542 968 Et
557 887 626 964 boc
641 891 749 964 modo
766 889 971 980 investigari
987 913 1024 960 se
1041 891 1079 960 iu
1096 883 1163 962 hac
1182 887 1263 981 opi·
1311 908 1431 966 tamen
1459 899 1503 967 ad
1534 901 1904 975 commonefaciendos
1933 905 2131 986 auditores,
2170 908 2313 1005 aliquid

265 1004 336 1076 ficii
359 995 661 1080 consideratione,
686 1006 722 1064 ct
743 992 945 1064 obedientia
969 1005 1090 1062 nostra
1112 1014 1262 1084 praepa·
1311 996 1462 1068 dicatde
1477 995 1640 1070 miranda
1656 1003 1882 1096 copulatione
1897 1005 2217 1080 diversissimum
2231 1035 2314 1080 m„

264 1105 338 1185 rari
362 1127 428 1174 ¹¹⁰⁸
456 1103 502 1174 ed
527 1097 765 1168 imm0rldleffl
791 1094 898 1164 vittam
923 1093 1049 1167 voltdt·
1107 1092 1262 1164 Miretur
1312 1091 1733 1192 chinaruminhomine,
1753 1107 1798 1175 de
1816 1105 2061 1180 instrumentis
2079 1111 2240 1197 noticiae,
2261 1114 2315 1183 de

233 1265 237 1270 .
264 1207 363 1278 enim
377 1203 519 1300 aliquis,
543 1199 573 1270 si
588 1193 752 1268 homines
767 1195 901 1265 conditi
919 1210 1090 1266 suntnon
1106 1198 1148 1266 ad
1168 1189 1261 1264 hanc
1312 1201 1455 1292 organis
1477 1205 1661 1292 oratoriis,
1691 1221 1726 1278 ει
1749 1207 1793 1277 de
1817 1209 2070 1282 nutricatione.
2132 1211 2230 1288 Utile
2257 1229 2317 1286 ut

167 1301 171 1312 ’
263 1308 452 1383 mortalem
470 1305 601 1382 vitam,
625 1298 796 1370 sedutin
814 1299 1046 1368 aeternaiuce
1065 1311 1099 1368 et
1120 1296 1263 1390 sapien·
1311 1303 1470 1393 prolecto
1495 1306 1668 1396 cogitare,
1703 1335 1774 1404 qno
1799 1313 1950 1384 consilio
1973 1337 2028 1385 res
2050 1327 2123 1392 tam
2141 1315 2318 1404 diversas,

264 1412 316 1490 tia
338 1409 478 1492 vivant,
513 1403 598 1498 quid
622 1401 690 1473 init
716 1423 807 1490 opus
831 1399 1024 1490 adiungere
1046 1400 1085 1468 iu
1115 1393 1262 1468 homine
1312 1403 1350 1473 in
1367 1397 1523 1480 hominis
1538 1395 1700 1482 naturam
1717 1409 1814 1484 Deus
1833 1411 2028 1494 incluserit.

267 1513 425 1584 culinam
459 1507 550 1602 perti
583 1503 777 1576 rationali?
827 1500 868 1574 Si
894 1515 1012 1572 autem
1044 1513 1183 1572 tautum
1216 1501 1260 1570 ad

264 1615 451 1765 mortalem
468 1611 575 1682 vitam
595 1589 760 1678 conditus
776 1618 848 1688 est,
871 1603 958 1702 qnid
976 1627 1065 1696 opus
1081 1603 1149 1674 tuit
1164 1615 1262 1673 tanta
1450 1631 1628 1720 pampo
1647 1635 1703 1712 M·
1726 1640 1929 1712 popum,
1948 1643 2167 1720 Mamm
2231 1706 2234 1715 Ι

266 1731 359 1788 arte.
1442 1739 1444 1744 ’

368 1813 448 1888 Etsi
470 1825 587 1884 autem
604 1832 678 1878 uon
694 1807 844 1888 dubium
862 1819 932 1896 est,
958 1804 1083 1898 primis
1106 1803 1262 1896 parenti·
1392 1787 1493 1880 'Ego
1516 1815 1600 1863 vero
1626 1794 1801 1867 carissimi
1824 1801 2021 1890 auditores,
2046 1805 2110 1876 etsi
2127 1825 2228 1898 caepe
2247 1830 2310 1878 me
2439 1815 2440 1820 ’

263 1919 464 2010 busipwm
484 1926 632 1984 mm„
654 1909 976 1980 comideffipon,m
995 1907 1103 1978 sum,
1125 1908 1263 1978 illustre
1313 1893 1358 1964 ad
1380 1907 1536 1964 naturae
1571 1896 1892 1972 considerationem
1926 1921 2108 2000 uteunque
2140 1909 2313 1994 exuscito,
2439 1919 2440 1928 ’

263 2017 516 2096 testimonium.
531 2015 575 2083 de
587 2008 684 2081 Deo:
710 2023 829 2080 tamen
845 2011 949 2098 nubis
963 2011 1001 2080 in
1019 2005 1084 2080 hac
1100 2009 1263 2098 ealigine,
1314 2009 1432 2066 tarttcn
1455 2021 1538 2065 utos
1560 1999 1744 2090 opprimor
1765 2000 1839 2095 ipsa
1859 2006 2125 2096 magnitudine,
2151 2023 2184 2080 et
2204 2013 2309 2106 quasi
2345 2041 2363 2050 ·
2439 2001 2440 2026 i

265 2119 334 2194 hae
359 2113 653 2194 raciocinatiooes
673 2113 718 2182 de
740 2111 817 2184 Deo
842 2126 926 2184 sunt
948 2112 1189 2197 obscuriores,
1213 2106 1262 2182 Et
1312 2097 1406 2166 “¹⁰¹⁶
1436 2119 1556 2168 rerum
1582 2113 1781 2190 tantarum,
1813 2105 1863 2176 ita
1887 2123 1927 2178 ut
1950 2109 2046 2180 velut
2075 2111 2250 2184 attonitus
2273 2127 2314 2186 et
2347 2193 2364 2208 ,

267 2241 388 2299 wne„
404 2243 525 2292 mum
542 2213 682 2286 consilii
697 2213 811 2284 divini
831 2215 983 2286 tenenda
1001 2227 1066 2288 est,
1313 2224 1404 2292 pene
1431 2199 1649 2272 exanimatus
1678 2206 1944 2296 obstupescam,
1976 2233 2017 2280 sc
2037 2213 2195 2298 doleam,
2226 2239 2312 2286 cum

369 2316 729 2400 Tantaestvarietas,
756 2331 924 2411 tanquam
941 2309 1198 2396 machinarum,
1223 2314 1261 2382 in
1313 2315 1441 2372 natura
1466 2302 1609 2373 condita
1630 2304 1676 2376 sit
1703 2309 1747 2374 ad
1773 2303 1863 2380 hanc
1886 2311 2114 2404 sapientiam,
2147 2317 2208 2386 vix
2232 2319 2311 2388 esi·
2439 2317 2440 2364 ἓ

248 2408 425 2502 humane
455 2443 620 2514 corpore,
655 2432 695 2489 ut
717 2423 762 2488 de
786 2419 917 2490 artifice
941 2441 1005 2488 nos
1036 2419 1266 2487 admoneant.
1312 2427 1418 2494 gisam
1436 2407 1599 2474 umbram
1617 2405 1726 2499 aspici
1750 2433 1870 2500 posse,
1896 2427 1930 2482 et
1946 2414 2104 2488 fortassis
2123 2413 2212 2489 haec
2231 2420 2310 2511 ipsa
2439 2447 2440 2510 j

264 2530 452 2602 Praeterea
477 2548 552 2594 uon
570 2523 615 2591 ad
633 2521 816 2592 tttortalem
835 2535 973 2592 tuntum
996 2519 1102 2592 vitam
1126 2518 1262 2588 conditi
1312 2505 1352 2581 in
1377 2505 1481 2574 nobit
1498 2506 1648 2576 aviditas
1673 2511 1813 2600 penitus
1831 2519 2064 2604 cognoscendi
2090 2525 2124 2592 εἰ
2141 2535 2309 2592 „tauram

265 2653 406 2716 sumus,
431 2629 493 2698 sed
516 2624 681 2702 adiuncta
705 2635 755 2693 est
777 2623 896 2695 colina
920 2622 1012 2714 parti
1035 2621 1262 2710 intelligenti,
1313 2621 1348 2678 el
1367 2607 1552 2698 opificem,
1571 2608 1781 2698 significatio
1797 2629 1859 2686 est
1882 2616 1986 2688 insita
2013 2634 2182 2708 naturae,
2207 2625 2310 2696 testi·
2439 2663 2440 2706 3

265 2733 350 2828 qnia
368 2723 434 2801 n'og
457 2721 659 2822 praeparari
676 2721 714 2792 in
734 2719 801 2796 hac
823 2725 894 2796 vita
911 2725 953 2793 ad
977 2737 1156 2804 fleternam
1174 2746 1261 2791 con.
1312 2707 1439 2795 fitttsss,
1465 2731 1531 2779 nos
1554 2711 1598 2780 ati
1620 2717 1913 2786 condutiutiinem
1935 2733 2117 2792 delentem
2131 2721 2200 2794 Dei
2219 2751 2310 2796 ton-
2439 2759 2440 2770 ³

264 2835 492 2908 suetudinem
513 2827 649 2911 voluit,
682 2826 721 2894 iu
743 2821 809 2896 hae
833 2826 975 2898 mortali
1005 2825 1263 2896 consuetudine
1312 2812 1406 2882 ditos
1423 2835 1514 2897 ὅδὲ,
1539 2812 1602 2882 ubi
1620 2809 1832 2888 architectus
1848 2819 1922 2914 ipse
1943 2835 1977 2891 et
1991 2829 2139 2916 operum
2159 2851 2311 2900 suot-mu
2439 2921 2440 2926 ἵ

266 2927 950 3010 'oluitinitimmnae.1utp,mendi,
993 2925 1078 3000 Me„
1096 2926 1258 3020 partim.
1313 2914 1449 2998 ideam,
1476 2915 1674 2986 etconsilia
1696 2919 1801 2988 nohis
1823 2923 1994 2999 ostendet.
2046 2923 2172 2997 Dicam
2188 2946 2308 3001 autom

267 3038 444 3128 telligeuti
457 3034 623 3106 adiuncta
639 3043 692 3102 est
707 3031 837 3104 culina.
934 3027 937 3032 ’
1313 3016 1468 3086 breviter
1483 3017 1527 3084 de
1542 3016 1611 3086 tuis
1626 3020 1903 3112 quaestionibus.

370 3137 475 3208 Nunc
488 3133 645 3205 brevite,
659 3131 775 3202 dicam
791 3133 835 3202 d,
851 3131 979 3204 officii,
994 3130 1139 3202 illorum
1157 3151 1263 3198 tana.
1414 3114 1479 3187 Est
1491 3117 1639 3188 onmiuo
1656 3120 1817 3192 miranda
1832 3125 2025 3216 copulatio,
2046 3129 2310 3204 diversissima·

264 3241 369 3312 pium·
422 3229 988 3326 Manifestumestoesophagoep
1008 3232 1262 3322 etbumetpu.
1312 3243 1393 3290 rtun
1419 3213 1662 3290 machinarum
1686 3223 1725 3292 iu
1752 3219 1909 3302 homine.
1963 3227 2055 3301 Num
2077 3231 2108 3302 si
2128 3236 2171 3302 ad
2190 3251 2308 3307 aeter-

268 3346 346 3416 lum
371 3335 452 3410 vehi
477 3337 515 3406 in
538 3333 788 3409 ventriculum.
839 3333 930 3406 Nam
956 3347 990 3404 et
1013 3345 1098 3425 potu
1123 3355 1262 3401 necesse
1314 3345 1395 3392 nam
1411 3320 1618 3414 sapientiam
1634 3326 1768 3396 conditi
1781 3349 1923 3412 sumus,
1947 3353 2058 3428 quatre
2072 3336 2234 3408 adiuncta
2249 3353 2305 3410 εει

268 3459 321 3517 εει
339 3442 437 3514 cibos
454 3437 530 3510 fieri
542 3431 781 3522 humidiores,
807 3449 841 3508 et
856 3435 998 3527 sanguis
1016 3435 1053 3503 in
1071 3447 1169 3526 epate
1185 3457 1260 3503 non
1313 3419 1400 3494 baec
1417 3437 1487 3524 ¹³¹¹!
1504 3423 1647 3494 ⁵⁰f¹¹ld³
1662 3426 1808 3499 ‘⁰¹1⁰st

267 3559 407 3620 tentum
424 3568 465 3614 ex
480 3541 577 3624 cibo,
600 3537 784 3609 sedetiam
808 3563 848 3608 ex
869 3556 957 3630 potu
980 3535 1165 3628 gignitur,
1201 3533 1263 3606 ln·
1412 3522 1565 3595 Consilii
1588 3520 1694 3597 huius
1717 3531 1897 3604 verissima
1918 3559 2023 3608 causa
2047 3553 2115 3625 est,
2138 3539 2221 3636 quia
2236 3569 2306 3614 vo-

268 3649 379 3719 num
395 3646 504 3735 igitur
519 3655 641 3736 potum
659 3641 697 3709 ᾗ,
713 3641 948 3711 venustatum
966 3659 1104 3708 neem,
1121 3651 1183 3708 θη,
1312 3627 1379 3698 luit
1395 3625 1490 3697 Deus
1510 3641 1671 3698 naturam
1692 3631 1850 3726 aliquam
1866 3659 2075 3730 corpoream
2097 3666 2189 3729 esse,
2213 3669 2307 3740 qrtae

371 3742 632 3819 Tpacheavm
649 3741 1178 3822 noncuppnaecfflfflfamest,
1200 3739 1262 3808 ,ed
1312 3730 1350 3798 in
1376 3725 1441 3799 huc
1465 3729 1539 3822 ipsa
1564 3730 1636 3802 vita
1659 3731 1800 3806 fruente
1823 3739 1930 3808 rebus
1956 3745 2202 3828 nascentibus,
2236 3747 2307 3842 ipsi

268 3863 417 3945 propter
431 3845 660 3940 spirationem
675 3859 709 3916 et
724 3869 858 3926 vocem,
878 3841 1074 3914 oratorium
1089 3865 1261 3932 organum
1312 3833 1469 3912 serviret,
1495 3847 1531 3902 et
1547 3857 1642 3902 nunc
1656 3852 1885 3929 praeparetur
1899 3843 1943 3910 ad
1961 3857 2141 3916 aeternam
2156 3873 2307 3920 consue-

268 3971 337 4039 ρει,
369 3955 466 4045 quod
496 3947 732 4018 necessarium
757 3947 825 4018 luit
853 3961 1000 4018 nitucae
1029 3945 1192 4014 conditae
1217 3943 1262 4013 ad
1312 3935 1473 4005 tudinem
1496 3934 1712 4016 coelestium.
1772 3937 1877 4011 Nunc
1900 3943 2009 4033 igitur
2032 3947 2200 4021 discenda
2221 3969 2309 4027 sont

269 4055 482 4126 societatem.
527 4047 576 4120 Ut
590 4061 708 4118 autem
724 4061 796 4118 tota
815 4048 963 4117 societas
978 4046 1057 4116 ideo
1076 4045 1264 4138 praecipue
1312 4035 1415 4106 initia
1438 4036 1639 4128 doctrinae,
1665 4062 1762 4110 noue
1779 4045 1923 4114 accendi
1942 4047 2056 4118 lucem
2074 4064 2109 4122 et
2128 4052 2307 4126 iusticiam

263 4155 554 4234 -moemmp,
579 4149 704 4220 0131„
728 4149 883 4219 3150„st
907 4145 1003 4232 Deo,
1029 4164 1063 4216 et
1088 4149 1263 4243 derebus
1312 4151 1490 4224 aeternam
1516 4153 1665 4242 oportet.
1724 4141 1778 4212 Ne
1806 4153 2206 4240 expectatocoelestem
2237 4155 2306 4229 Dei

268 4259 375 4330 boni,
396 4257 563 4337 doceant,
590 4253 638 4321 ita
662 4251 848 4342 praecipue
871 4249 1087 4322 necessariae
1104 4273 1159 4318 res
1180 4262 1263 4322 sunt
1312 4241 1619 4322 cottsuetudinem,
1645 4242 1715 4313 nisi
1731 4244 1768 4314 iu
1789 4239 1855 4318 bac
1872 4249 1944 4319 vita
1958 4254 2099 4324 mortali
2116 4275 2307 4352 praepara-

268 4361 442 4431 sermouis
464 4353 758 4437 communicatio,
784 4369 817 4425 et
838 4353 991 4424 oratoria
1015 4351 1262 4430 instrumenta,
1312 4357 1370 4414 tus
1387 4346 1431 4412 ad
1448 4339 1563 4412 Deum
1579 4349 1740 4427 accedas,
1767 4339 1826 4418 hic
1841 4353 1930 4422 ordo
1952 4353 2136 4427 institutus
2157 4377 2210 4434 est
2235 4363 2307 4431 mi·

269 4464 398 4556 quain·
420 4485 457 4530 re
479 4459 584 4528 etiam
604 4451 672 4527 hoc
694 4456 943 4526 admirandum
967 4469 1036 4538 est,
1062 4453 1162 4524 cordi
1184 4467 1265 4524 tan·
1312 4447 1425 4515 rando
1451 4445 1562 4536 ipsius
1584 4447 1746 4520 consilio.
1800 4449 1885 4522 ideo
1910 4455 1953 4524 ad
1979 4459 2172 4529 nostilinm
2198 4465 2310 4551 misit,

270 4589 376 4656 quam
396 4564 468 4652 regi
485 4560 690 4629 adiunctum
708 4582 780 4628 esse
793 4571 982 4628 oratorem.
1312 4562 1347 4617 et
1362 4548 1504 4642 quidem
1519 4547 1629 4618 simili
1647 4562 1774 4621 natura
1789 4556 1972 4646 copulata,
1999 4559 2079 4630 ideo
2096 4560 2134 4630 in
2151 4557 2218 4637 itae
2233 4568 2308 4639 vita

373 4663 469 4736 Haec
495 4665 540 4731 de
567 4659 773 4730 discrimine
807 4659 985 4730 canalium
1011 4681 1093 4728 vera
1117 4671 1150 4728 et
1178 4669 1262 4728 nota
1311 4650 1391 4721 vult
1406 4650 1524 4720 doceri
1548 4646 1727 4722 homines:
1756 4651 1959 4728 ldeodatus
1982 4676 2034 4733 est
2055 4683 2190 4752 emano,
2215 4672 2307 4741 etin

270 4783 374 4852 sunt,
398 4791 462 4838 nec
476 4765 577 4834 aliud
594 4761 693 4832 Plato
710 4761 826 4832 sentit.
1312 4775 1460 4843 corpore
1474 4753 1633 4824 oratoria
1645 4751 1934 4846 organacondita
1949 4777 2044 4835 sunt.
2083 4761 2171 4838 Ideo
2188 4789 2307 4847 servat

224 4868 229 4876 “
373 4867 447 4940 Cur
470 4867 579 4956 igitur
600 4877 723 4957 potum
741 4863 905 4934 attribuit
927 4857 1111 4932 tracheae?
1136 4861 1262 4930 sortas-
1312 4867 1346 4928 et
1367 4869 1569 4926 servaturus
1589 4867 1640 4940 est
1663 4857 1703 4926 in
1730 4880 1858 4949 genere
1884 4857 2041 4936 humano
2063 4867 2309 4946 ministerium

270 4975 319 5043 eis
343 4987 475 5063 partem
495 4967 674 5051 attribuit,
697 4968 779 5059 quia
801 4980 894 5035 certe
918 4988 1058 5034 necesse
1080 4975 1133 5032 est
1153 4962 1281 5050 rigari¹
1313 4952 1509 5045 Evangelii.
1555 4955 1636 5028 Non
1654 4957 1763 5047 igitur
1773 4986 2010 5055 repugnemus
2028 4969 2204 5044 voluntati
2223 4977 2315 5062 Dei„
2439 4957 2440 4986 ³

269 5075 489 5169 pulmonem,
505 5071 605 5140 cuius
620 5069 785 5138 arelactio
803 5066 952 5137 exitialis
968 5081 1019 5139 est
1033 5066 1136 5136 vitae.
1169 5062 1262 5136 Cum
1311 5062 1372 5139 sed
1385 5059 1502 5130 statim
1516 5081 1536 5128 a
1553 5061 1645 5130 vitae
1660 5060 1764 5132 initio
1775 5066 1959 5146 coelestem
1974 5071 2171 5144 doctrinam
2188 5078 2307 5150 dises-

243 5225 245 5230 .
269 5192 389 5248 erstem
412 5167 498 5241 lmec
512 5173 671 5264 quaestio
687 5171 793 5261 digna
816 5170 861 5240 sit
880 5168 1120 5257 disputatione
1141 5166 1264 5236 erudi·
1312 5183 1409 5246 mus,
1435 5175 1468 5230 et
1494 5173 1568 5231 toto
1591 5161 1685 5232 vitae
1707 5165 1825 5258 spacio
1850 5190 1927 5238 eam
1952 5173 2183 5264 meditemur,
2214 5184 2313 5258 etei.

269 5294 408 5363 airum,
430 5291 464 5346 ot
482 5273 637 5366 proiecto
653 5273 846 5346 necessaria
868 5272 913 5343 sit
936 5264 1076 5342 heulini
1099 5268 1263 5342 conside-
1311 5263 1457 5338 obedire
1475 5261 1696 5357 incipiemus.
1783 5301 1786 5307 Α
