4896 5974
114 219 195 296 621
872 220 1196 304 CARMINUM
1244 219 1353 298 LlB.
1381 223 1437 298 11.
2094 238 2170 314 522
2295 295 2299 300 .

112 383 179 459 Sic
195 387 302 460 nobis
314 387 494 484 templum'
503 393 611 464 nidus
625 395 842 484 gratissimus
859 420 946 484 esse,
1006 485 1010 493 1
1170 391 1239 464 Sed
1257 393 1320 487 qui
1337 418 1410 464 non
1425 379 1554 466 metuit
1569 397 1732 470 eoelestia
1748 401 1899 474 numina
1915 427 2007 492 vere,

171 487 224 562 Et
240 506 373 564 certum
391 496 495 566 debet
509 497 707 586 perfugium
723 523 796 568 esse
812 501 892 592 piis.
1219 491 1368 568 Ridebit
1385 497 1543 570 monitus
1557 498 1688 590 impius
1704 503 1767 574 ille
1779 529 1890 576 meos.

112 591 221 664 Felix
236 589 302 664 hac
318 617 456 687 semper
471 597 676 693 quicunque
691 595 866 672 habitabit
881 604 921 674 in
936 627 1027 690 arce,
1166 591 1232 666 Est
1249 621 1329 668 vere
1344 600 1510 670 metuisse
1527 597 1643 671 Deum
1660 605 1831 696 sapientia
1845 608 1971 700 prima,

168 691 309 767 Audiat
325 699 524 780 aclaudes,
551 715 585 770 et
599 714 701 772 canat
714 703 788 793 ipse
803 700 883 778 Dei.
1216 697 1324 770 Hunc
1338 713 1457 770 metue
1473 702 1637 776 evenient
1653 721 1778 778 cuncta
1796 712 1952 780 secunda
1969 710 2048 786 tibi.

114 795 214 868 Vera
228 799 298 890 piis
313 800 426 889 patria
443 815 495 872 est
510 798 667 874 Ecclesia
683 805 757 874 sola
774 807 943 898 putanda,
1165 797 1303 870 Deinde
1318 814 1456 893 patrem
1468 803 1585 890 colito,
1608 808 1834 903 monitusque
1845 812 1969 886 andito
1980 826 2160 907 paternos,

168 897 272 988 Quae
286 901 421 993 patriae
436 903 543 974 debes
558 905 689 992 officia,
715 907 780 976 ista
795 908 896 998 petit,
1214 897 1262 972 Et
1276 904 1382 974 facias
1398 905 1521 974 matris
1537 906 1629 976 iussa
1645 913 1800 980 verenda
1815 925 1908 988 tuae.

113 998 202 1071 Non
218 1003 361 1072 visulla
377 1005 516 1075 animos
531 1029 688 1098 uuquam
701 1008 907 1080 divellatab
923 1011 1013 1104 ipsa,
1122 1097 1127 1104 ¹
1162 1001 1324 1099 Namque
1350 1007 1481 1097 probos
1510 1031 1640 1100 pueros
1669 1013 1763 1084 velut
1787 1029 1918 1087 ornant
1941 1029 2068 1113 torque
2082 1079 2084 1084 ,
2094 1044 2159 1114 pa-

155 1101 328 1180 ,Aeterno
345 1106 503 1176 iunctam
517 1109 660 1177 soedcre
674 1132 814 1201 semper
827 1135 918 1182 ama.
1163 1111 1166 1118 ’
1674 1128 1805 1201 rentes,

113 1202 223 1274 Hanc
236 1197 359 1276 omnes
375 1209 492 1278 studio
507 1209 639 1280 sociato
658 1225 858 1306 ornentque
874 1215 1080 1310 iuventque,
1212 1205 1272 1278 Sic
1287 1207 1369 1278 illos
1384 1212 1542 1282 cumulat
1556 1235 1716 1284 summus
1730 1211 1866 1288 honore
1881 1231 2004 1311 pater:

165 1305 240 1400 Hic
252 1301 390 1394 bonor,
415 1305 501 1380 baec
517 1312 648 1403 pietas,
674 1314 824 1396 credite,
848 1329 945 1404 grata
955 1315 1032 1389 Deo
1047 1331 1111 1400 err,
1160 1305 1342 1400 Principio
1359 1306 1427 1382 boc
1442 1314 1548 1382 etiam
1566 1328 1616 1384 est
1631 1329 1725 1386 aetas
1740 1319 1881 1390 incauta
1897 1327 2085 1412 monenda,

112 1406 173 1480 Ac
189 1411 300 1481 veluti
317 1413 503 1483 volucrum
519 1413 623 1484 nidos
639 1414 813 1486 industria
830 1417 963 1489 munit:
1211 1408 1441 1504 Praeceptum
1458 1417 1561 1484 trado
1579 1439 1653 1484 non
1669 1419 1764 1506 leve,
1789 1421 1883 1492 iussa
1900 1419 1980 1497 Dei.

167 1510 229 1584 sic
244 1527 363 1584 nostra
380 1537 463 1583 cura
480 1529 530 1584 est
544 1515 608 1586 isra
624 1521 755 1586 ruenda
771 1519 909 1593 domur,
1160 1509 1274 1582 Parva
1288 1515 1339 1605 pii
1354 1539 1434 1606 pars
1444 1513 1737 1622 sunthpminum,
1763 1526 2007 1614 parsmarima
2019 1543 2154 1617 contra,
2248 1555 2255 1569 ·

113 1611 283 1686 Crudelis
298 1616 503 1710 quicunque
519 1618 632 1710 ipsam
649 1619 804 1688 lacerare
822 1622 973 1710 parabit,
1211 1613 1329 1702 Quam
1346 1641 1529 1712 nunquam
1548 1620 1661 1709 possis
1675 1645 1903 1710 enumerare,
1925 1630 2023 1703 mali.

144 1767 146 1770 -
168 1715 352 1810 Impiaque
367 1719 535 1788 adversus
549 1721 681 1812 ceperit
695 1745 791 1790 arma
808 1719 934 1796 Deum.
1157 1711 1250 1792 Rem
1269 1719 1399 1812 quibus
1415 1733 1519 1813 atque
1535 1723 1640 1792 decus
1655 1725 1784 1794 scelere
1798 1740 1849 1798 est
1866 1732 2064 1821 cumulare,
2089 1760 2154 1804 vo·
2193 1744 2205 1762 '

113 1817 185 1890 Sed
203 1821 354 1912 patriam
371 1814 462 1890 hanc
478 1821 640 1914 quisquis
654 1821 980 1896 meliordelendere
989 1837 1109 1912 certat,
1677 1826 1806 1918 luptas‚

165 1918 214 1992 Et
229 1935 364 1992 vectam
381 1946 456 1990 non
469 1923 548 1992 vult
560 1923 759 1994 destituisse
775 1924 884 1994 viam:
1208 1916 1291 1990 Non
1307 1921 1389 1991 illos
1406 1936 1514 1996 terret
1531 1925 1684 1996 vindicis
1700 1929 1751 1996 ira
1770 1928 1848 2000 Dei.

113 2020 317 2094 Aemmnas
332 2024 420 2094 leret
435 2025 496 2094 ille
511 2047 650 2114 graves,
676 2039 781 2120 atque
795 2049 916 2118 aspera
935 2027 1062 2102 multa:
1157 2015 1206 2091 Et
1220 2023 1428 2118 plerumque
1444 2027 1545 2096 malis
1560 2028 1703 2098 fortuna
1721 2030 1881 2122 indulget
1895 2036 2019 2124 amica,

165 2123 235 2195 llis
248 2150 322 2196 non
339 2128 545 2197 succumbet
560 2128 620 2197 sed
637 2140 752 2198 tamen
769 2127 844 2218 ipse
858 2129 972 2206 malis.
1089 2195 1094 2206 ,
1209 2121 1289 2194 Non
1304 2127 1397 2198 favet
1412 2128 1473 2196 illa
1491 2129 1572 2214 diu,
1597 2131 1658 2200 sed
1674 2132 1768 2202 lavet
1780 2133 1840 2203 illa
1858 2149 1988 2211 tamen.

113 2225 168 2298 Ac
183 2229 282 2298 rivos
297 2229 365 2298 late
380 2229 530 2300 deducet
546 2230 643 2300 fonte
657 2231 817 2322 perenni,
1156 2221 1233 2313 Ego
1251 2251 1296 2296 ne
1310 2251 1460 2298 numero
1476 2229 1616 2300 iuvenis
1630 2257 1795 2304 moveare
1811 2249 1943 2323 caveto,

164 2327 339 2420 Extingui
354 2353 538 2424 nunquam
554 2333 717 2422 dogmata
735 2357 815 2402 vera
833 2346 978 2428 queunt.
1209 2325 1258 2398 Ut
1272 2354 1362 2421 quae
1375 2331 1478 2399 turba
1495 2333 1620 2421 probet
1633 2330 1673 2429 ¹)
1688 2348 1727 2404 tu
1741 2336 1901 2408 facienda
1916 2353 2029 2430 putes.

113 2429 286 2502 Doctores
300 2429 398 2502 Deus
414 2433 488 2524 ipse
504 2456 627 2522 regens
643 2435 852 2504 coelestibus
868 2447 971 2524 auget
1155 2426 1237 2498 Non
1255 2425 1361 2502 babet
1375 2431 1538 2522 impietas
1552 2457 1730 2505 successus
1746 2439 1878 2510 credite
1892 2441 2030 2534 longos,

163 2533 337 2615 Dotibus,
364 2547 398 2604 et
412 2535 567 2604 studium
584 2531 764 2626 provebit,
790 2549 895 2630 atque
912 2538 1020 2608 iuvat.
1200 2529 1374 2624 'iustaque
1389 2557 1453 2624 pro
1466 2534 1568 2606 lactis
1585 2560 1697 2627 poena
1711 2539 1833 2609 venire
1849 2543 1949 2616 solet.

115 2634 304 2730 Multaque
322 2635 437 2706 deleto
453 2638 604 2706 victores
620 2633 720 2706 hoste
736 2633 917 2731 trophaea.
1155 2629 1225 2702 Hei
1240 2629 1328 2702 mihi
1344 2658 1407 2718 cur
1423 2649 1547 2725 parent
1560 2650 1631 2706 tam
1649 2641 1751 2729 pauci
1766 2665 1848 2712 vera
1866 2646 2038 2731 monenti,

163 2736 305 2808 Ponant
321 2751 361 2808 ut
375 2739 435 2808 liat
451 2739 564 2828 gloria
579 2753 661 2809 nota
678 2737 757 2809 Dei.
1205 2732 1278 2804 Nec
1295 2747 1446 2826 tangunt
1461 2738 1619 2808 monitus
1634 2742 1746 2810 lerrca
1763 2745 1869 2814 corda
1886 2746 1981 2815 mei?

111 2838 254 2912 Exaudi
269 2839 418 2928 gemitus
434 2855 589 2928 nostros,
614 2855 714 2933 pater
728 2841 860 2932 optime
877 2861 1012 2926 rerum,
1156 2833 1288 2905 Verum
1306 2831 1390 2906 haec
1406 2837 1574 2910 destituet
1588 2865 1668 2910 cum
1685 2865 1747 2912 vos
1764 2845 1906 2914 fortuna
1923 2847 2090 2934 vicissim,

165 2939 325 3034 Aspicies
341 2943 466 3034 templi
483 2967 611 3036 quaeso
631 2945 759 3034 pericla
775 2941 838 3014 tui.
1204 2935 1285 3007 Non
1301 2951 1419 3028 tanget
1433 2962 1611 3012 summum
1627 2956 1742 3012 vestra
1758 2947 1900 3037 querela
1918 2962 2063 3040 patrem.

111 3043 291 3118 Conserva
305 3044 406 3133 regni
421 3047 643 3138 formamque
657 3059 857 3138 statumque
871 3045 1051 3126 decorum,
1152 3037 1206 3110 Ne
1221 3042 1382 3110 dubitate
1399 3043 1497 3112 venit
1514 3066 1578 3133 pro
1594 3045 1696 3114 factis
1713 3070 1825 3142 poena
1842 3048 1984 3136 luenda,

163 3145 316 3216 Praelice
333 3147 526 3216 concordes
541 3147 634 3238 ipse,
659 3147 806 3241 piosque
821 3149 938 3232 duces,
1205 3139 1300 3212 Iusta
1317 3141 1385 3212 Dei
1402 3167 1511 3212 vanas
1526 3169 1600 3212 non
1617 3141 1725 3216 babet
1740 3149 1792 3218 ira
1809 3151 1933 3224 minas.

113 3247 186 3320 Has
203 3271 267 3338 ego
283 3247 423 3318 delitias
437 3249 646 3322 ardentibus
663 3263 785 3340 expeto
802 3247 907 3333 votis,
1056 3267 1060 3278 ·
1152 3241 1223 3314 Sed
1240 3245 1322 3338 quia
1336 3245 1517 3338 paulisper
1531 3247 1674 3318 fortuna
1692 3253 1846 3322 secunda
1862 3253 2039 3326 malorum
2055 3271 2119 3344 est,

162 3349 354 3441 intemplo
370 3373 509 3442 semper
522 3352 648 3440 degere
664 3375 766 3442 posse
782 3347 862 3426 Dei.
1202 3343 1250 3416 Et
1266 3347 1358 3416 tristi
1373 3347 1477 3418 vultu
1493 3349 1636 3440 respicit
1652 3350 1713 3420 illa
1730 3353 1819 3444 pios,

114 3447 161 3524 Et
172 3451 335 3546 quamvis
350 3451 401 3520 ibi
418 3466 524 3522 erunt
535 3447 626 3522 mihi
641 3453 752 3524 multa
768 3451 931 3522 adeunda
944 3451 1090 3543 pericla,
1150 3445 1300 3518 Falleris
1317 3461 1350 3518 et
1366 3471 1487 3536 regere
1502 3445 1588 3520 haec
1604 3453 1745 3524 nullum
1762 3456 1926 3526 mortalia
1943 3481 2080 3532 numen

159 3553 323 3647 Namque
340 3553 434 3623 odiis
446 3567 550 3644 urget
565 3557 722 3626 mundus
737 3555 870 3648 ubique
885 3553 980 3646 pios:
1200 3547 1344 3634 Credis,
1369 3563 1405 3618 et
1419 3549 1566 3640 impune
1581 3567 1706 3624 cuncta
1723 3555 1828 3625 licere
1842 3556 1921 3632 tibi.

114 3651 280 3727 Attamen
293 3655 485 3725 anteferam
501 3656 636 3746 regnis,
662 3658 862 3748 opibusque
879 3655 1067 3740 malorum,
1149 3649 1216 3720 llis
1233 3653 1376 3722 fortuna
1391 3646 1433 3746 ²)
1447 3646 1541 3720 nibil
1556 3677 1632 3722 mea
1649 3655 1709 3746 qui
1725 3671 1908 3748 praccepta
1924 3675 2130 3754 sequautur,

161 3755 280 3828 Huius
293 3757 442 3827 militiae
456 3757 556 3848 signa
571 3759 747 3850 decusque
760 3759 851 3850 piae.
869 3837 874 3842 ³
1202 3751 1268 3822 Vel
1284 3777 1365 3824 cum
1381 3767 1529 3824 conatur
1543 3753 1701 3842 laedere,
1723 3779 1825 3828 saeva
1842 3774 1957 3836 nocet.

114 3857 271 3954 Namque
285 3881 347 3928 sua
364 3859 485 3930 dextra
500 3857 597 3929 Dens
614 3858 716 3928 istam
734 3859 887 3951 protegit
902 3881 1030 3944 arcem,
1515 3947 1516 3954 ἵ
1562 3912 1661 3999 Caput
1684 3913 1727 3981 Π.
1779 3923 1785 3934 .

162 3956 737 4056 Etcivesnunquamdeseritille
754 3985 848 4036 suos.
1178 4032 1188 4049 ,
1268 4030 1279 4048 ,
1367 4030 1405 4048 ,,
1505 4031 1514 4049 ,

115 4057 227 4144 Felix,
251 4062 314 4155 qui
331 4064 408 4132 voci
424 4061 567 4132 coelesti
583 4065 803 4152 obtemperat
820 4061 897 4146 uni,
1150 4029 1189 4103 3¹
1205 4031 1279 4100 fleu
1296 4043 1424 4124 ςυρψ*
1440 4047 1614 4128 ⁸³P¹⁰¹¹⁸⁰⁵
1632 4052 1773 4128 imme
1791 4049 1880 4122 ‘⁰²⁰’

159 4161 232 4236 Nec
246 4163 381 4256 patitur
395 4165 511 4254 frangi
524 4175 666 4256 pectora
681 4165 781 4238 firma
796 4163 916 4237 minis.
1201 4129 1274 4202 *⁷⁰⁸
1290 4133 1407 4251 Ρξῖθΐῖν
1431 4147 1472 4204 111
1487 4135 1632 4222 doceat,
1655 4160 1757 4229 saepe
1770 4154 1893 4259 rogate
1910 4135 2040 4260 Deum.

1149 4233 1215 4304 llla
1233 4248 1364 4304 eteunn
1381 4237 1523 4306 demum
1541 4263 1623 4308 vera
1640 4253 1691 4309 est
1705 4257 1898 4333 sapientia,
1923 4266 1953 4312 sr
1970 4269 2038 4338 qua
2055 4261 2108 4318 esr

1199 4335 1253 4408 De
1266 4335 1365 4406 coelo
1380 4339 1509 4406 summi
1526 4340 1665 4429 prodita
1681 4343 1727 4412 ab
1741 4367 1804 4412 ore
1820 4343 1939 4435 patris.

251 4497 253 4502 ,
1149 4437 1209 4510 Sic
1224 4437 1366 4508 bonitas
1386 4437 1555 4508 immensa
1572 4438 1657 4528 Dei,
1682 4444 1732 4512 sic
1749 4444 1802 4514 ira
1820 4445 1936 4514 videri

114 4547 176 4624 No,
190 4549 251 4623 83,
926 4577 974 4618 an.
995 4555 1090 4624 1527,
1201 4535 1377 4610 Ostendet
1391 4541 1493 4623 vobis
1508 4567 1590 4611 cum
1607 4539 1703 4614 Deus
1718 4545 1812 4636 ipse,
1834 4559 1961 4636 potest.

116 4645 246 4680 w„
750 4659 754 4664 ’
921 4645 1092 4676 '¹⁶⁸'
1150 4639 1216 4712 Ille
1230 4641 1443 4732 gubernabit
1457 4657 1581 4713 sancto
1596 4657 1653 4716 tua
1669 4650 1777 4716 corda
1793 4671 1936 4740 pavore,

175 4765 283 4839 tnapp.
295 4763 368 4825 Basa.
387 4765 420 4829 Τ,
428 4764 462 4823 v.
476 4757 506 4840 pl
512 4764 573 4824 sta.
588 4775 615 4821 er
627 4765 698 4837 apud
715 4765 799 4822 vine.
816 4783 844 4837 p.
857 4763 917 4822 207.
1013 4813 1019 4820 ,
1196 4742 1444 4835 Coelestesquc
1460 4745 1559 4814 dabit
1575 4769 1676 4836 posse
1694 4749 1819 4818 timere
1836 4749 1964 4820 minas.

1146 4839 1271 4935 Erigat
1289 4843 1349 4914 ille
1366 4843 1470 4914 etiam
1488 4870 1527 4914 ac
1542 4848 1648 4918 iaciat
1663 4873 1805 4941 sperare
1818 4855 2025 4936 timentem,¹

169 4926 389 4998 smmi&
420 4928 628 5000 salmmiss
662 4945 712 4997 ⁰³²⁸
738 4927 864 5018 prim
897 4929 1034 5020 011Ρῖ19·
1199 4945 1259 5016 'I'u
1275 4948 1381 5017 modo
1400 4969 1445 5015 ne
1461 4949 1600 5020 dubites
1616 4975 1756 5042 poscere
1768 4974 1906 5042 semper
1922 4977 2036 5039 opem.

110 5067 220 5145 Pauca
235 5099 299 5167 ⁰8⁰
316 5099 396 5146 ,um
414 5075 515 5147 vobi,
530 5099 671 5144 morum
687 5087 870 5166 praecepta
886 5077 1047 5164 gaqum„
1146 5047 1361 5168 Hocusapere
1376 5063 1445 5166 est3
1468 5073 1507 5118 ac
1524 5051 1779 5169 possesseum3
1804 5051 1834 5120 si
1854 5050 1921 5123 rite
1937 5053 2083 5126 timebis

156 5175 312 5269 Spiritus
325 5203 344 5247 e
358 5177 456 5247 coelo
470 5177 629 5269 prodidit
641 5177 702 5244 {113
718 5175 795 5247 Dei,
1197 5150 1228 5221 F
1230 5154 1325 5220 rderc
1342 5161 1375 5218 et
1392 5149 1488 5220 rllrus
1504 5175 1534 5220 sr
1552 5152 1710 5222 bonrtate
1727 5175 1827 5227 seres.

107 5271 152 5350 Et
165 5305 233 5374 qua
252 5281 299 5350 sit
312 5275 409 5350 Deus
424 5303 595 5370 exponam
613 5279 744 5370 pietate
760 5279 944 5366 colendus,
1050 5289 1060 5308 ⁰
1147 5276 1414 5392 mm·

152 5377 200 5454 Et
214 5383 344 5476 probet
357 5405 437 5474 erga
451 5377 613 5452 homines
627 5381 746 5476 qualia
762 5381 852 5452 lacta
868 5379 978 5459 Deus.
1178 5411 1208 5482 2)
1226 5411 1305 5468 ursit.
1332 5411 1561 5482 Hutasortmm.
