4884 5950
288 176 365 258 811
881 177 1306 274 Quousntottus
1345 173 1746 258 acauuutcan
2250 175 2328 252 872

283 343 451 434 colonos,
473 367 547 441 quo
562 357 599 420 et
610 343 781 418 biliosum
796 344 837 417 in
852 371 1001 443 corpore
1014 363 1276 422 excrementum
1330 371 1373 419 eo
1388 347 1480 418 lario
1499 346 1689 434 libentius,
1713 358 1755 418 ut
1775 342 1934 416 iuniores
1950 367 2076 416 senuna
2091 345 2252 439 exempla
2268 345 2328 416 iu-

284 449 462 543 copioriua
477 461 561 521 aute
576 448 763 520 collectum
777 450 897 537 suerit,
922 465 957 523 et
971 453 1110 546 hepatis
1123 455 1278 544 languor
1331 461 1488 534 tuentes,
1514 449 1624 540 magis
1640 463 1759 518 ament
1776 447 1882 538 leges.

285 551 368 645 plus
392 551 562 637 creverit,
586 565 621 621 et
644 550 811 622 intestina
839 567 962 625 tenero
993 577 1099 626 sensu
1127 556 1279 626 delicata
1432 550 1534 624 Sicut
1551 552 1660 642 igitur
1681 551 1849 622 usitatum
1871 562 1941 636 est,
1967 547 2224 640 Quaestionem
2241 574 2329 644 pro-

285 655 487 726 erosionem
506 652 648 743 gratim
670 653 830 727 tulerint.
889 651 1029 729 Caetcri
1052 659 1187 729 inactus
1210 657 1280 726 im-
1330 676 1480 746 ponam,
1505 655 1550 724 de
1566 655 1718 748 qua'etsi
1734 651 1933 743 amplitudo
1948 675 2072 724 causae
2085 654 2230 744 longam
2245 677 2329 724 ora-

284 756 436 842 maturi,
460 755 500 824 in
515 755 645 848 quibus
658 779 785 828 succus
803 779 937 852 aqueus
956 784 1037 831 cnm
1053 761 1146 848 sicco
1163 777 1278 832 terreo
1331 757 1464 827 tionem
1481 757 1654 848 postulat,
1679 769 1797 826 tamen
1815 777 1879 846 ego
1898 755 2134 826 breviorem:
2157 754 2242 850 quia
2258 751 2328 828 hoc

287 858 449 928 nondum
471 857 582 950 probe
605 858 791 939 subactus,
826 872 863 930 et
889 882 955 931 nec
978 862 1096 932 calore
1117 863 1202 934 solis
1226 874 1280 932 eat
1331 872 1489 951 tempore
1507 859 1644 946 integra
1658 855 1842 949 explicatio
1857 855 1998 928 institui
2020 881 2095 928 non
2121 873 2249 950 potest:
2290 871 2328 930 et

287 971 501 1039 maturatus,
549 959 673 1028 eodem
713 961 820 1034 modo
860 964 1054 1036 crudorum
1093 987 1279 1036 succorum
1330 975 1450 1032 tamen
1466 957 1757 1031 cornmonefactio
1775 958 1875 1030 utilis
1891 971 1954 1030 est.
1994 956 2038 1028 ln
2053 974 2175 1030 nostra
2188 961 2327 1032 vicinia

280 1060 552 1133 concavatione
581 1060 767 1133 materiam
796 1065 984 1154 praebent,
1018 1089 1058 1136 ac
1078 1067 1279 1136 fomentum
1331 1060 1633 1134 Stenckeleldiani
1649 1055 1902 1132 Enthusiastae
1920 1061 2182 1148 vociferantur,
2204 1064 2326 1136 electis

287 1174 323 1234 et
345 1161 530 1254 putredini
558 1175 592 1233 et
621 1163 734 1234 fluxui
758 1165 992 1259 dysenterico.
1052 1167 1280 1261 Quandoque
1331 1165 1566 1256 expectandos
1580 1186 1653 1233 esse
1667 1161 1808 1234 divinos
1821 1161 1973 1244 afflatus,
1991 1159 2083 1234 nihil
2097 1165 2193 1258 ipsos
2207 1189 2326 1256 agere,

286 1263 318 1336 si
340 1265 386 1334 ad
408 1263 573 1335 collectos
593 1278 697 1336 autea
712 1268 842 1338 crudos
857 1263 1026 1342 humores
1047 1264 1087 1340 hi
1100 1271 1280 1355 accedant,
1331 1268 1391 1335 sed
1417 1279 1503 1336 tunc
1524 1289 1606 1336 cum
1628 1265 1765 1356 serapi
1789 1265 1948 1336 sentiunt
1971 1265 2123 1354 invitos,
2148 1267 2326 1360 incipiant

285 1366 403 1436 febres
417 1366 625 1440 incendunt.
671 1364 898 1464 Quandoque
914 1373 959 1442 sd
972 1387 1088 1444 cutem
1105 1395 1279 1464 sparguu-
1330 1367 1497 1437 invocare
1516 1363 1644 1438 Deum.
1683 1363 1739 1436 Ex
1769 1360 1835 1436 hac
1860 1362 2049 1438 Manichea
2070 1367 2327 1459 imaginatione

286 1484 348 1541 tur
360 1468 492 1538 exclusi
506 1492 571 1562 per
585 1491 693 1538 venas
706 1484 852 1541 naturae
866 1473 1002 1566 impetu
1016 1487 1050 1544 et
1064 1475 1103 1548 in
1118 1465 1279 1568 ἐξανθή·
1331 1469 1497 1542 incidunt
1523 1470 1630 1539 multi
1653 1469 1691 1538 in
1714 1482 1900 1560 perpetuas
1925 1469 2182 1558 dubitationes,
2215 1473 2325 1546 mtrlti

285 1593 389 1662 ματα
408 1585 620 1662 erumpunt,
644 1571 701 1641 vel
717 1574 763 1642 ad
788 1595 898 1666 unam
920 1576 1076 1670 aliquam
1090 1577 1279 1668 depelloo-
1331 1571 1422 1642 liunt
1439 1565 1627 1662 prophani,
1652 1571 1840 1660 indulgent
1861 1571 1930 1642 sihi
1947 1573 2073 1658 securi,
2099 1587 2134 1644 et
2146 1576 2324 1648 dicuntsc

153 1673 157 1687 '
286 1685 347 1742 tur
366 1685 522 1763 partem,
546 1696 653 1767 quam
671 1673 710 1743 in
726 1687 905 1747 tumorem
926 1678 1104 1750 attollunt.
1156 1675 1278 1766 Quare
1330 1686 1452 1764 raptus
1466 1674 1547 1742 illos
1561 1686 1760 1764 expectare3
1787 1668 1843 1744 his
1857 1669 2001 1766 oppono
2015 1674 2149 1746 dietum
2164 1673 2321 1747 Nazian-

287 1795 414 1863 magna
439 1797 524 1844 cora
544 1775 731 1846 vitandum
760 1799 860 1848 esum
883 1781 1071 1850 candorem
1096 1780 1277 1851 fructuum
1329 1774 1425 1844 zeni:
1460 1769 1592 1845 Omnis
1607 1775 1720 1844 virtus
1736 1773 1845 1848 aDeo
1861 1790 1931 1855 est,
1956 1776 2063 1847 datur
2081 1791 2198 1848 autern
2214 1779 2321 1851 iuvo-

286 1875 468 1961 existimo,
491 1888 526 1947 et
545 1875 652 1948 nobis
664 1878 790 1970 pueris
803 1903 845 1949 eo
861 1882 991 1972 magis,
1015 1883 1114 1978 qnod
1129 1906 1276 1972 corpora
1330 1877 1492 1948 cantibus
1507 1891 1542 1948 et
1556 1877 1809 1950 annuentibus.
1852 1875 1922 1948 Sed
1943 1901 2066 1970 graeca
2082 1881 2190 1950 rerba
2211 1883 2325 1971 magis

285 1991 407 2050 nostra
429 1991 541 2048 aetate
556 1973 675 2049 adhuc
691 1980 813 2050 mollia
830 1993 867 2051 et
887 1994 1026 2067 tenera,
1051 1996 1085 2054 et
1102 2007 1144 2054 ex
1159 1977 1277 2077 ἀδδη-
1328 1981 1512 2070 perspicua
1547 1992 1646 2049 sunt:
1690 1983 1768 2052 πᾶν
1798 1972 1842 2050 τὸ
1874 1973 2187 2076 κατορθούμενον
2218 1979 2321 2080 παρὰ

286 2073 408 2178 puys'q
424 2079 544 2148 crudis
558 2079 703 2172 impleta
717 2074 929 2154 humoribus
943 2109 982 2154 ac
995 2087 1143 2168 defessa,
1161 2085 1277 2156 offen·
1328 2079 1424 2152 θεοῦ
1439 2075 1533 2166 ἐστὶ,
1559 2075 1710 2152 δέδοται
1724 2074 1765 2153 δὲ
1780 2081 1858 2161 τοῖς
1876 2078 2119 2175 καλουμένας
2138 2081 2205 2158 arni
2222 2083 2322 2160 οὕτω

286 2183 423 2250 duntur
443 2180 602 2261 facilius,
635 2205 675 2250 ac
697 2183 930 2273 periculosius
951 2186 1151 2258 laeduntur.
1203 2185 1274 2258 Sed
1327 2175 1490 2255 νεύουσι.
1545 2177 1715 2252 Moechus
1730 2206 1804 2252 noo
1820 2183 1963 2254 differat
1985 2185 2243 2278 poenitentiam
2257 2193 2324 2260 do-

284 2280 407 2375 quavi
423 2280 563 2375 inquies
577 2283 673 2352 succi
687 2285 810 2375 frigidi
827 2300 864 2358 et
885 2281 1023 2358 humidi
1039 2289 1274 2360 exulcerando
1328 2305 1394 2353 nec
1421 2282 1570 2354 senserit
1600 2283 1682 2354 illos
1702 2279 1995 2378 Euthosiasmos,
2027 2289 2160 2382 quibus
2186 2291 2322 2364 invitus

285 2397 359 2452 tam
378 2383 574 2472 periculose
594 2385 754 2458 sauciant
779 2387 969 2475 intestina,
997 2403 1039 2460 ut
1062 2405 1274 2462 stramenta
1327 2386 1598 2456 transformetur
1609 2384 1648 2454 in
1664 2387 1752 2455 semi
1767 2383 1900 2476 Deum3
1925 2389 1984 2458 sed
2000 2391 2167 2461 omittens
2182 2394 2321 2466 adulte·

285 2483 440 2574 insignia
463 2509 505 2560 ec
528 2485 673 2556 lacinias
697 2489 873 2579 pelliculis
893 2495 1074 2578 deterant,
1097 2505 1132 2564 et
1148 2493 1275 2564 caloris
1327 2486 1441 2572 rium,
1467 2501 1562 2578 petat
1576 2509 1614 2557 se
1628 2511 1647 2558 a
1663 2487 1741 2559 Deo
1755 2489 1889 2574 iuvari,
1912 2503 1947 2561 et
1960 2491 2085 2560 dolens
2103 2517 2179 2563 uon
2199 2494 2322 2565 indul·
2428 2517 2429 2520 ’

284 2586 423 2656 febrilis
447 2609 589 2657 sensum
622 2585 810 2675 invehant,
846 2603 882 2661 et
915 2608 1107 2684 provocent
1139 2609 1273 2666 tantam
1328 2589 1655 2681 geatdillldeotiae,
1683 2591 1745 2660 sed
1761 2615 1847 2661 voce
1864 2585 2051 2682 Evangelii
2075 2617 2112 2664 se
2135 2609 2319 2674 sustentet.
2428 2593 2429 2636 ³

285 2688 469 2776 sanguinis
491 2690 742 2781 eruptionem?
777 2690 1015 2784 Respondeo:
1047 2694 1129 2767 Non
1151 2697 1275 2782 suavi,
1327 2688 1397 2760 Hic
1417 2694 1506 2760 ordo
1529 2691 1693 2782 congruit
1713 2693 1757 2762 ad
1780 2693 1999 2780 doctrinam,
2026 2719 2117 2789 quae
2139 2697 2241 2770 iubet
2260 2725 2321 2770 or·
2428 2771 2429 2786 ,

284 2813 349 2860 nec
364 2791 480 2881 primo
495 2792 615 2862 statim
630 2817 779 2864 occursu
796 2789 863 2864 hoc
879 2796 1055 2882 efficiunt,
1077 2800 1137 2868 sed
1153 2812 1275 2891 putre-
1327 2793 1399 2861 diri
1419 2790 1699 2864 Conversionem
1722 2817 1741 2864 θ
1765 2795 1876 2866 verbo
1898 2795 1983 2881 Dei,
2017 2813 2050 2868 el
2072 2815 2194 2889 Petere
2219 2803 2320 2872 auxi·

283 2892 369 2962 dioc
390 2893 561 2985 corrupti.
618 2891 710 2966 Nam
740 2897 827 2966 dum
856 2897 1019 2988 largioris
1043 2913 1078 2969 et
1098 2901 1275 2972 studiosis
1326 2894 1428 2962 lium.
1479 2894 1563 2964 ldeo
1587 2895 1732 2965 dicitur:
1768 2893 1914 2986 Quanto
1942 2897 2054 2989 magis
2073 2901 2183 2972 Pater
2204 2919 2320 2975 vester

281 2994 378 3065 succi
392 2995 495 3088 copia
509 2995 663 3066 calorem
676 2998 836 3068 nativum
852 3002 952 3092 prius
973 3001 1182 3092 languidum
1197 3027 1275 3072 sm.
1326 2996 1485 3067 coelestis
1505 2997 1606 3068 dabit
1621 2995 1795 3088 Spiritum
1817 3013 1979 3072 sanctum
1992 3001 2213 3094 petentibus3
2244 3029 2318 3076 nou

283 3095 378 3188 plius
390 3090 578 3183 hebetant,
601 3099 745 3169 tandem
760 3100 806 3169 ab
821 3124 863 3170 eo
879 3101 1042 3175 destituti
1063 3118 1099 3176 et
1115 3101 1274 3176 conclusi
1326 3098 1460 3192 inquit:
1490 3099 1786 3190 repugnantibuts
1811 3113 1847 3171 ti
1871 3101 1909 3170 i¹¹
1928 3097 2105 3194 Epicurea
2128 3107 2316 3178 ”caristie

282 3195 445 3292 undique
464 3199 581 3269 calore
603 3202 835 3272 mardescunt
855 3203 974 3272 alieno
995 3219 1031 3275 et
1053 3217 1273 3296 putrescunt.
1325 3201 1589 3290 expectantibus
1603 3194 1885 3278 Enthusiasmoa.
1920 3201 2058 3294 Regula
2072 3204 2184 3296 igitur
2195 3221 2318 3300 tenea-

282 3296 354 3370 Sed
369 3313 463 3369 aetas
484 3312 606 3370 nostra
620 3323 686 3372 nec
709 3303 802 3393 capit
822 3325 887 3372 nec
904 3305 1105 3399 assequitur
1118 3308 1274 3399 explica·
1325 3314 1401 3372 tur:
1425 3299 1622 3373 Audientes
1633 3325 1756 3373 vocem
1771 3302 1875 3394 Legis
1889 3317 1925 3375 et
1938 3301 2138 3396 Evangelii,
2164 3310 2312 3382 velimus

282 3399 418 3470 tionem
433 3401 701 3474 accuratiorem.
717 3454 720 3460 ,
740 3401 861 3494 Quare
872 3401 1117 3479 Clarissimum
1132 3407 1176 3480 D.
1193 3411 1274 3482 Do.
1324 3403 1576 3485 obedientiam,
1601 3417 1637 3474 et
1650 3417 1811 3496 petamus
1825 3405 2010 3483 auxilium.
2042 3408 2102 3480 Sic
2114 3423 2148 3480 et
2161 3409 2200 3478 in
2212 3409 2314 3504 Apo-

281 3512 414 3572 ctorem
428 3516 630 3574 reverenter
644 3528 729 3590 oro,
752 3519 794 3580 ut
806 3507 980 3580 eruditius
1001 3533 1080 3581 eam
1101 3508 1274 3608 'etcopio-
1325 3505 1458 3600 calypsi
1475 3505 1626 3576 dicitur:
1660 3505 1725 3578 Sto
1741 3510 1785 3578 ad
1804 3504 1960 3580 hostium
1982 3523 2018 3582 et
2034 3510 2151 3603 pulso,
2175 3512 2206 3582 si
2230 3513 2310 3606 quia

280 3602 354 3675 sius
369 3604 597 3678 auditoribus·
607 3607 767 3702 explicet.
817 3606 913 3681 Dixi.
1324 3608 1425 3678 audit
1450 3631 1570 3678 vocem
1592 3631 1728 3695 mam,
1752 3623 1788 3683 et
1809 3611 1923 3704 aperit
1944 3611 2110 3700 ianuam,
2133 3613 2314 3706 ingrediar

1323 3709 1369 3780 ad
1388 3733 1480 3780 stam.
1616 3737 1618 3742 ·

1417 3809 1486 3883 Sed
1505 3825 1626 3882 contra
1643 3811 1823 3904 disputant
1837 3809 2101 3904 Enthusiastae,
2127 3815 2313 3891 Mortuum

1323 3907 1417 3983 nibil
1444 3914 1534 4004 agit,
1566 3908 1913 3987 voluntasvhumani
1942 3931 1993 3990 est
2022 3934 2183 4007 mortua,
2220 3917 2311 3992 nihil

291 4013 359 4086 No,
373 4013 436 4085 70,
1047 4021 1113 4103 (ss,
1133 4023 1227 4091 1557.
1237 4025 1272 4111 ?)
1324 4013 1434 4103 igitur
1456 4016 1546 4186 agit93
1578 4027 1626 4186 eq
1636 4015 1797 4189 agimtur
1815 4018 2012 4090 similitudo
2036 4023 2083 4091 de
2102 4022 2200 4194 llpto,
2224 4047 2314 4118 quae

225 4120 229 4129 ·
286 4109 459 4141 *⁴⁹⁹
516 4121 519 4129 ’
1053 4119 1266 4158 Μ
1323 4116 1362 4186 iu
1387 4118 1501 4208 capite
1547 4141 1600 4190 ,a
1687 4143 1835 4192 ouranos
1862 4121 2042 4194 recitatur.
2122 4123 2236 4196 'ateor
2261 4150 2314 4197 me

251 4255 254 4266 ·
349 4225 381 4282 to
397 4223 495 4308 sotto.
508 4224 633 4281 net-n.
647 4225 682 4284 τ.
694 4225 744 4285 ttt.
759 4229 845 4304 psal
857 4247 920 4304 sqq.
960 4229 1082 4291 &aas
1098 4233 1149 4292 ΙΙΙ.
1167 4237 1270 4310 ptus.
1322 4211 1560 4292 hanctsntam
1576 4221 1818 4313 quaestionem
1833 4247 1906 4297 uon
1921 4245 2022 4316 posse
2032 4226 2228 4320 explicare,
2252 4229 2309 4298 sed

382 4293 559 4354 ΜΤ·
572 4293 622 4354 ¹¹¹·
638 4315 668 4371 l·
683 4297 744 4354 ⁵⁰¹·
1322 4333 1441 4390 tamen
1463 4322 1562 4391 illam
1592 4317 1877 4414 prophanitatem
1899 4327 1944 4394 de
1967 4339 2069 4418 raptu
2092 4331 2309 4420 expectando

1322 4423 1471 4512 probare
1481 4425 1559 4493 ‘non
1576 4447 1735 4514 possiam
1758 4423 1974 4498 Remoratur
1994 4429 2089 4498 enim
2106 4433 2313 4502 correersio-

1323 4547 1403 4592 nem
1419 4539 1452 4595 et
1466 4525 1638 4616 extinguit
1653 4527 1942 4610 consolationem,
1968 4544 2002 4602 et
2016 4533 2162 4606 abducit
2177 4549 2314 4606 mentes

1319 4649 1340 4695 a
1362 4629 1471 4696 verbo
1494 4625 1581 4708 Dei,
1603 4628 1647 4698 ad
1671 4633 1908 4720 quaerendam
1930 4647 2086 4703 nostram
2109 4637 2315 4725 puritatem,

1318 4751 1399 4798 cunr
1420 4726 1527 4800 Fides
1546 4731 1688 4801 accedat
1713 4735 1758 4800 ad
1783 4727 1898 4814 Deum
1919 4735 2029 4806 verbo
2056 4734 2200 4822 innisa,
2240 4763 2314 4811 non

279 4463 461 4548 desento
473 4465 667 4558 proposito
685 4463 773 4536 οὓ.
791 4461 1089 4541 Bultlsosoro
1110 4469 1270 4544 Neon·

278 4561 357 4638 dra
366 4618 382 4656 ,
408 4564 564 4640 docem
586 4571 820 4641 iuuentutem
835 4569 1055 4644 literarium
1076 4571 1268 4648 issolsolu

621 4669 921 4744 l'ruts'sloos'ssrsi.

278 4801 473 4912 Utrunque
495 4843 553 4890 me
576 4831 737 4890 senectus
758 4820 878 4903 docet,
904 4832 938 4890 et
961 4821 1169 4894 modestiam
1192 4847 1267 4897 esse
1317 4843 1458 4901 nostrae
1475 4830 1635 4923 puritati.
1686 4831 1824 4906 Usitata
1839 4849 1890 4906 est
1910 4835 2102 4930 igiturror
2122 4842 2314 4911 universae

276 4917 373 4988 inter
390 4919 479 4990 alios
498 4921 676 4993 doctiores
699 4934 831 5006 urere,
861 4922 892 4990 si
914 4922 1036 5008 liceat,
1064 4940 1099 4996 et
1118 4923 1149 4996 ri
1171 4926 1265 5016 leges
1317 4933 1446 5002 veteris
1476 4929 1671 5016 Ecclesiae,
1708 4939 1938 5028 praecedente
1971 4943 2082 5029 gratia
2115 4943 2314 5016 comitante

275 5019 442 5106 iubeant,
466 5021 598 5093 iustum
613 5023 769 5094 officium
784 5025 1129 5117 esaeobtcmperare.
1179 5025 1263 5098 Non
1315 5033 1512 5112 volontate.
1562 5035 1616 5107 De
1643 5031 1709 5108 hac
1733 5039 1814 5109 utili
1843 5042 2065 5132 quaestione,
2095 5067 2162 5116 oro
2185 5041 2313 5118 Revo-

274 5121 385 5212 igitor
405 5121 581 5196 iudicetur
596 5125 816 5216 impudentia
834 5123 925 5211 esse,
947 5128 1042 5220 quod
1059 5123 1264 5200 inhacfre-
1315 5139 1465 5206 rendum
1489 5139 1606 5208 virum
1628 5131 1793 5210 Paolum
1817 5137 2001 5224 Ebot-um,
2032 5159 2144 5216 utme
2165 5158 2202 5217 et
2220 5149 2312 5218 alios

272 5224 419 5320 quentia
441 5227 663 5297 emditorum
684 5228 728 5296 ad
744 5227 935 5298 dicendum
956 5231 1108 5320 prodeo,
1134 5233 1195 5302 sed
1209 5231 1263 5302 le-
1314 5237 1452 5317 doceat,
1477 5254 1513 5311 ct
1530 5242 1599 5310 iam
1614 5243 1844 5312 fundamenta
1860 5245 2105 5334 explicationis
2121 5263 2309 5336 monstret,

270 5349 357 5418 gum
377 5325 561 5402 autoritati
580 5351 705 5422 parere
726 5353 785 5399 me
800 5331 967 5422 cogitate:
1001 5334 1098 5430 quod
1115 5333 1261 5428 quidem
1313 5352 1355 5410 ut
1368 5341 1584 5415 dubitationi
1598 5359 1739 5418 nostrae
1752 5346 1945 5424 medeatur.
1995 5345 2091 5426 Dixi.
