4866 5990
273 165 349 239 sor
631 152 888 233 scurras
922 151 997 230 au
1034 151 1232 229 v1ra1u
1264 149 1341 226 aa
1377 147 1619 251 ostansa
1651 147 1956 230 urrunnu
2236 153 2319 228 sos

274 358 475 418 cernerem,
500 331 615 427 iisque
634 355 693 401 me
715 353 817 424 saepe
841 329 999 416 oblecto;
1026 353 1066 400 ac
1087 351 1190 422 spero
1213 349 1272 398 me
1323 347 1431 420 quam
1451 327 1539 400 adeo
1564 326 1634 402 tuit
1653 326 1772 412 ferox,
1798 331 1886 402 adeo
1910 331 2106 416 barbarus,
2129 327 2253 398 nullus
2273 327 2332 398 ita

275 463 339 510 suo
362 451 538 528 tempore,
565 436 648 505 illos
672 435 711 504 in
736 436 836 504 beata
860 432 921 502 illa
938 433 1012 504 vita
1031 434 1150 502 denuo
1171 429 1273 500 visu-
1323 442 1532 518 commotus,
1557 430 1708 524 quinon
1724 431 1800 502 viso
1814 435 1872 503 vel
1886 425 2329 524 etiamauditol‘hilippo,

274 565 376 627 rum,
401 540 693 634 colloquaturum
709 561 750 607 ac
765 549 1069 607 conversaturum.
1324 531 1444 602 statim
1468 555 1506 602 se
1526 533 1746 626 reprimeret.
1797 533 1899 624 Quin
1920 537 2031 624 'ctiam
2056 535 2242 606 interdum
2263 545 2331 604 tu-

1324 635 1458 705 multus
1483 635 1645 722 maximi,
1680 636 1886 710 interventu
1907 637 2145 731 praeceptoris
2173 635 2331 706 inermis

379 743 451 818 Sed
466 767 538 841 quo
552 765 609 810 mc
626 740 760 831 abripit
773 739 945 811 affectus?
969 738 1173 812 Redeamus
1189 761 1273 828 ergo
1324 735 1486 830 dissipati
1500 750 1601 824 sunt,
1627 761 1802 834 nusquam
1818 743 2004 813 autoribus
2019 739 2328 832 comparentibus.

276 850 323 920 ad
347 847 561 918 institutum.
611 839 697 926 Diri
720 844 765 913 de
786 843 931 930 studiis,
962 855 997 912 et
1020 843 1205 912 laboribus
1226 837 1273 915 D.

276 945 449 1042 Philippi,
476 970 565 1042 quos
580 946 769 1016 continuos
784 945 824 1014 in
837 945 936 1017 tenui
950 945 1175 1038 corpusculo,
1197 944 1274 1014 sine
1427 939 1569 1037 Scripta
1584 942 1660 1012 eius
1678 965 1786 1037 quam
1803 943 1907 1015 avide
1925 945 1971 1016 ab
1985 943 2152 1015 omnibus
2169 943 2242 1015 siut
2259 967 2328 1014 ex-

277 1049 631 1124 ullaintecmissione
645 1047 828 1132 sustinuit,
849 1048 908 1116 vix
921 1061 962 1118 ut
975 1048 1148 1142 respirare
1164 1047 1274 1117 licue·
1325 1042 1445 1135 petita,
1467 1057 1502 1116 et
1515 1045 1615 1132 lecta,
1635 1059 1803 1138 quantam
1818 1041 1973 1119 habeant
1988 1049 2084 1140 apud
2100 1069 2220 1117 omnes
2236 1069 2327 1137 gra-

278 1155 336 1225 rit.
388 1152 565 1226 Similiter
580 1165 614 1222 et
629 1151 675 1220 de
691 1149 874 1220 doctrinae
897 1173 1042 1241 genere,
1069 1151 1165 1244 quod
1189 1173 1275 1242 pro·
1325 1145 1430 1232 tiam,
1455 1160 1491 1218 et
1513 1147 1611 1218 bono
1633 1148 1751 1218 studio
1774 1148 1812 1217 iu
1837 1151 1924 1220 alias
1947 1164 2053 1245 atque
2075 1149 2160 1221 alias
2183 1150 2326 1220 formas

275 1257 465 1330 fessnscst.
500 1253 635 1328 Verum
650 1265 841 1346 antequam
856 1257 902 1344 ad
915 1253 983 1322 alia
999 1277 1161 1346 pergam,
1187 1251 1274 1324 Stu·
1325 1247 1486 1320 certatim
1509 1264 1663 1336 mutata,
1688 1250 1727 1319 in
1750 1251 1838 1321 alias
1860 1253 2000 1344 linguas
2023 1251 2214 1338 translata,
2239 1251 2328 1346 quis

277 1359 398 1431 diosos
423 1357 669 1429 admonendos
699 1377 772 1424 csse
795 1355 900 1440 duri,
933 1369 975 1426 ut
997 1355 1157 1447 exemplo
1183 1351 1275 1425 tanti
1325 1352 1413 1421 adeo
1435 1375 1560 1422 coecus
1581 1365 1653 1434 cst,
1678 1363 1720 1423 ut
1743 1367 1819 1424 uon
1842 1351 1985 1426 videat?
2036 1353 2161 1446 Quum
2181 1353 2238 1424 vel
2256 1378 2329 1424 no-

276 1462 367 1548 viri,
392 1485 430 1532 se
451 1463 497 1529 ad
512 1458 735 1548 diligentiam
757 1457 796 1526 in
811 1459 964 1528 dicendo
982 1458 1215 1543 exsuscitent,
1241 1469 1276 1528 ει
1326 1475 1409 1522 meu
1431 1449 1678 1525 Melanthonis
1706 1477 1781 1526 non
1803 1457 1919 1527 solum
1941 1459 2036 1550 apud
2063 1479 2148 1528 suos
2170 1479 2329 1544 sacrum,

278 1565 323 1636 ad
339 1565 478 1636 labores
494 1554 724 1654 perferendos
739 1559 991 1636 adsuefaciunt.
1325 1558 1387 1626 sed
1410 1557 1516 1626 etiam
1537 1551 1701 1627 hostibus
1720 1561 1924 1630 venerabile
1955 1561 2012 1631 sit.
2076 1557 2157 1632 Rex
2178 1557 2327 1630 Galliae

1325 1655 1535 1729 Franciscus
1566 1659 1691 1729 audire
1721 1683 1823 1748 cum,
1857 1677 1892 1734 ει
1923 1663 2087 1733 conferre
2108 1663 2326 1734 desideravit

383 1757 661 1837 Themistoclem
701 1764 830 1836 dixisse
867 1764 1052 1849 scribitur,
1097 1761 1275 1834 Miltiadis
1326 1785 1406 1831 cum
1422 1762 1510 1854 ipso.
1544 1758 1642 1832 Haec
1656 1785 1737 1832 vere
1754 1759 1895 1837 heroica
1911 1779 2008 1854 sunt,
2027 1789 2095 1837 nec
2109 1765 2177 1837 ulli
2192 1765 2324 1837 trium·-

280 1863 511 1963 'l’rophaeum
535 1891 610 1938 non
641 1867 777 1960 patitur
798 1892 856 1936 me
877 1867 1035 1938 dormire
1057 1889 1173 1960 neque
1201 1887 1276 1935 ces-
1327 1858 1390 1957 phi
1404 1864 1485 1957 plus
1500 1859 1630 1936 habeat
1644 1887 1747 1935 verae
1762 1867 1890 1943 laudis.

279 1995 368 2047 sare.
419 1970 495 2042 Nec
510 1994 577 2041 nos
592 1991 675 2058 ergo
689 1970 781 2040 tanti
796 1969 866 2038 viri
880 1971 1022 2055 laudes,
1048 1968 1203 2039 eruditio
1218 1967 1277 2037 in-

279 2075 408 2166 signis,
433 2087 466 2144 et
482 2095 537 2142 res
555 2071 734 2166 praeclare
753 2086 868 2162 gestae
884 2073 1023 2142 ociosos
1047 2093 1121 2141 esse
1143 2071 1276 2156 sinant,
1427 2063 1512 2138 Non
1528 2063 1645 2140 autem
1664 2061 1820 2142 humana
1844 2072 2040 2159 industria,
2066 2095 2132 2143 nec
2147 2072 2236 2143 solis
2254 2067 2328 2144 hu·

280 2180 340 2248 sed
355 2175 548 2266 ignaviam,
572 2171 807 2260 oscitantiam,
834 2189 867 2245 ει
885 2189 1068 2246 veternum
1087 2174 1277 2243 excutiant.
1327 2169 1442 2238 manis
1457 2171 1613 2258 viribus,
1639 2185 1673 2243 ct
1695 2175 1854 2244 consiliis
1875 2175 2051 2246 foeliciter
2067 2175 2203 2268 regitur
2214 2200 2325 2255 voca-

279 2277 404 2372 Neque
417 2277 514 2348 enim
529 2277 575 2345 ad
589 2275 706 2346 ocium
723 2299 902 2362 vocamur,
919 2301 999 2347 cum
1016 2267 1072 2346 vel
1087 2277 1131 2346 ad
1147 2276 1276 2355 studia,
1327 2273 1397 2354 tio,
1422 2287 1483 2344 aut
1499 2275 1666 2346 salutaria
1676 2275 1779 2346 liunt.
1820 2276 1892 2348 Sed
1908 2278 2086 2372 peculiare
2099 2275 2168 2348 Dei
2184 2281 2327 2349 donum

279 2381 338 2452 vel
364 2382 410 2450 ad
436 2375 614 2450 Ecclesiae
638 2378 1004 2465 administrationem,
1038 2379 1096 2448 vel
1122 2375 1277 2448 docendi
1327 2389 1396 2461 est,
1418 2376 1457 2444 iu
1472 2378 1730 2467 gubernatione
1744 2381 1933 2466 autoritas,
1955 2393 1991 2452 et
2003 2393 2150 2451 eventus
2163 2381 2324 2454 foelices.

280 2505 412 2554 munus
428 2483 467 2551 in
489 2475 620 2551 scholis
637 2475 861 2555 adhibemur.
913 2481 1004 2552 Nam
1020 2481 1138 2552 ocium
1155 2480 1277 2550 litera-
1327 2477 1477 2550 Paratur
1499 2482 1644 2574 quidem
1666 2481 1837 2553 autoritas
1858 2483 1985 2553 eximia
2008 2483 2152 2576 pietate,
2176 2485 2324 2572 virtute,

279 2585 394 2671 rium,
420 2571 587 2680 quod'sic
607 2583 754 2668 dicitur,
779 2607 854 2653 non
877 2597 930 2656 est
953 2584 1121 2674 ignavum
1144 2581 1277 2664 ocium,
1327 2581 1537 2674 prudentia,
1564 2595 1599 2654 et
1614 2583 1833 2654 eruditione:
1861 2583 1995 2656 Verum
2014 2608 2151 2656 necesse
2163 2599 2233 2670 est,
2261 2588 2324 2658 di-

280 2703 322 2760 ut
341 2685 512 2759 Centauri
535 2686 705 2758 nonnulli
730 2686 910 2768 iudicant,
945 2685 1007 2781 qui
1031 2709 1113 2757 suos
1136 2697 1276 2757 tantum
1327 2678 1716 2755 vinitusinhominum
1733 2687 1862 2757 animis
1880 2688 1954 2757 lieri
1971 2689 2255 2772 inclinationem,
2281 2705 2328 2764 ut

279 2788 421 2862 labores
434 2787 710 2880 magnifaciunt,
736 2789 889 2860 aliorum
904 2814 1008 2876 vero,
1032 2811 1122 2882 quos
1138 2811 1203 2858 nec
1218 2789 1277 2857 in·
1326 2800 1419 2857 recte
1438 2801 1623 2859 monentes
1638 2788 1806 2879 diligant,
1831 2791 2102 2883 magnifaciant,
2126 2803 2162 2864 et
2181 2807 2327 2886 optem-

279 2893 466 2984 telligunt‚
499 2915 565 2963 nec
592 2903 770 2984 praestare
797 2905 965 2984 possunt,
996 2889 1208 2974 ertenuant,
1242 2903 1278 2961 et
1327 2901 1464 2982 perent.
1514 2884 1619 2982 Opus
1646 2903 1698 2961 est
1724 2892 1848 2962 divino
1871 2893 2003 2964 auxilio
2026 2893 2066 2963 in
2089 2895 2211 2966 dando
2234 2920 2327 2966 con-

279 3009 525 3087 contemnunt.
577 2993 648 3066 Sed
672 2993 868 3064 maximum
886 3008 958 3080 est,
984 3007 1019 3065 et
1039 2991 1277 3064 laboriosissi·
1326 2993 1425 3078 silio,
1449 3005 1484 3062 et
1498 2993 1715 3064 successibus
1731 2993 1960 3066 salutaribus.
2004 2993 2102 3067 Haec
2115 2998 2324 3091 saepissime

278 3123 379 3170 mum
401 3097 600 3186 negocium.
654 3091 811 3165 Intentio
830 3097 925 3166 enim
943 3096 1073 3182 animi,
1106 3096 1276 3176 studium,
1326 3118 1368 3165 ex
1382 3117 1445 3166 ure
1460 3093 1591 3186 ipsius,
1616 3089 1682 3164 hac
1696 3091 1900 3168 Salomonis
1913 3099 2087 3170 sententia
2105 3101 2326 3190 confirmari,

280 3199 466 3271 assiduitas
491 3197 530 3266 in
554 3195 727 3280 lectione,
753 3211 788 3267 et
807 3197 1059 3282 meditatione,
1084 3209 1119 3266 et
1139 3212 1180 3268 ut
1201 3221 1275 3267 uno
1326 3197 1450 3268 audire
1472 3221 1529 3266 rue
1544 3198 1710 3283 memini,
1735 3213 1776 3271 ut
1795 3201 1919 3272 oculus
1934 3202 2069 3290 videat,
2095 3215 2131 3274 rt
2144 3204 2243 3275 auris
2258 3230 2326 3278 au·

280 3303 390 3372 verbo
402 3300 542 3383 dicam,
568 3295 718 3366 Maximi
739 3297 879 3369 labores
899 3299 1133 3393 requiruntur
1149 3299 1194 3370 ab
1209 3293 1276 3386 his,
1326 3300 1418 3386 diat,
1442 3296 1540 3370 Deus
1562 3301 1647 3371 lacit
1661 3315 1870 3396 utrumque,
1895 3299 1965 3374 hoc
1982 3317 2053 3388 est,
2080 3319 2121 3377 ut
2142 3307 2325 3397 guberna-

281 3403 344 3498 qui
366 3401 405 3471 in
424 3395 555 3472 scholis
574 3413 780 3486 versantur,
806 3415 840 3471 et
857 3402 914 3471 vel
932 3401 1111 3486 discendi,
1136 3403 1194 3470 vel
1210 3403 1277 3472 do-
1325 3393 1419 3474 tores
1441 3404 1630 3493 prudentia
1656 3404 1846 3491 excellant,
1877 3406 2017 3477 futuros
2040 3431 2142 3478 casus
2170 3425 2207 3483 et
2228 3412 2324 3483 mala

278 3505 385 3580 cendi
401 3519 548 3574 munere
562 3503 772 3592 funguntur.
825 3498 963 3574 Omnes
980 3498 1131 3575 Scholae
1149 3504 1276 3595 ingen·
1325 3505 1556 3596 provideant,
1581 3519 1617 3576 et
1636 3529 1706 3599 qua
1731 3507 1870 3576 ratione
1889 3507 1962 3578 illis
1985 3512 2248 3583 occurrendum
2266 3514 2325 3602 sit,

277 3609 328 3680 tia
351 3629 479 3691 onera,
504 3627 579 3674 non
604 3603 641 3674 in
663 3606 825 3676 docendo
850 3619 1010 3692 tantum,
1035 3621 1070 3678 et
1094 3607 1276 3692 discendo,
1326 3607 1539 3696 intelligant,
1564 3605 1612 3677 Et
1627 3623 1667 3679 ut
1686 3609 1840 3700 populus
1856 3611 1987 3696 audiat,
2014 3624 2120 3706 atque
2134 3616 2322 3710 obtempe-

278 3712 341 3782 sed
357 3712 462 3781 etiam
478 3709 518 3777 in
533 3707 678 3778 iudiciis
691 3709 736 3778 de
750 3709 976 3800 dogmatibus
996 3721 1032 3780 et
1047 3709 1275 3780 diiudicatio·
1324 3722 1399 3796 ret,
1424 3722 1618 3805 utrumque
1631 3711 1741 3781 solius
1758 3709 1826 3782 Dei
1842 3713 2053 3785 beneficium
2069 3739 2155 3792 csse.

278 3813 388 3885 nibus
410 3811 755 3896 controversiarum,
786 3837 877 3904 quae
908 3813 993 3882 inde
1020 3825 1209 3902 petuntur,
1240 3825 1275 3882 et

278 3917 359 3986 aliis
383 3914 583 3984 innumeris
604 3913 892 4001 difficultatibus,
917 3937 1004 4010 quas
1027 3935 1101 3984 non
1123 3915 1194 3984 nisi
1215 3939 1276 3984 ex·
1427 3910 1502 3983 lam
1517 3913 1623 3986 etiam
1638 3916 1811 4009 quaedam
1828 3918 1873 3987 de
1890 3917 2026 4009 privata
2043 3919 2133 4007 vita,
2157 3933 2191 3991 et
2204 3921 2322 3991 mori-

279 4019 373 4109 perti
404 4015 633 4105 intelligunt,
663 4013 851 4088 sustinent.
913 4015 1034 4106 Quare
1064 4018 1202 4098 studio,
1240 4029 1274 4087 ει
1323 4015 1391 4084 bus
1406 4011 1451 4084 D.
1468 4011 1629 4110 Philippi
1651 4019 1870 4089 subiicienda
1894 4043 1968 4090 csse
1992 4023 2115 4110 video,
2140 4023 2237 4116 quod
2259 4023 2320 4094 fa·

178 4199 186 4210 ,
279 4117 464 4208 diligentia
479 4118 518 4185 in
532 4111 662 4186 scholis
675 4137 766 4208 opus
779 4118 834 4189 'est
848 4119 886 4186 in
898 4120 1071 4203 docendo,
1088 4119 1274 4189 etdiseen-
1324 4117 1414 4186 ciam
1436 4118 1609 4203 breviter,
1634 4143 1707 4189 non
1724 4121 1820 4214 quod
1844 4145 1956 4213 pauca
1978 4125 2067 4210 sint,
2092 4149 2181 4220 quae
2197 4125 2242 4194 de
2258 4119 2321 4198 his

223 4299 227 4304 ¹
280 4222 346 4301 do,
373 4233 413 4289 ut
427 4218 625 4287 doctrinam
645 4218 796 4288 solidam
819 4244 1082 4312 comparemus,
1109 4235 1144 4291 ct
1158 4223 1201 4291 ad
1222 4222 1274 4291 la·
1325 4213 1522 4292 honorifice
1537 4222 1607 4290 dici
1623 4223 1776 4312 possint,
1801 4227 1862 4294 sed
1879 4249 1925 4294 ne
1947 4226 2150 4317 prolixitate
2165 4224 2321 4300 Oratio·

279 4323 385 4393 bores
401 4321 568 4390 ferendos
584 4341 650 4390 nos
664 4343 924 4414 praeparemus.
1323 4321 1379 4390 nis
1404 4323 1572 4395 molestus
1596 4325 1679 4393 sim:
1709 4325 1866 4397 Tametsi
1891 4328 2051 4414 confido,
2077 4331 2178 4402 nulla
2201 4357 2322 4426 quan·

1323 4424 1454 4493 tumvis
1476 4425 1582 4518 longa
1599 4421 1776 4500 Oratione
1797 4429 1843 4499 de
1861 4441 1961 4501 tanto
1984 4433 2062 4502 viro
2088 4435 2229 4505 animos
2250 4459 2321 4508 au-

273 4589 276 4606 ,
379 4523 453 4596 Nec
478 4523 602 4593 inanes
625 4536 686 4594 aut
710 4523 802 4597 irriti
822 4527 921 4598 luere
945 4522 1052 4598 huius
1076 4525 1145 4598 viri
1169 4551 1273 4619 prae-
1322 4525 1480 4598 ditomm
1501 4530 1665 4600 exsatiari
1687 4553 1799 4621 posse.
1849 4529 1920 4603 Hic
1944 4555 2029 4605 vero
2052 4535 2246 4609 latissimus
2258 4539 2321 4608 di-

277 4629 364 4698 clari
378 4639 544 4712 conatus,
569 4639 604 4697 ει
617 4625 775 4708 labores,
802 4629 860 4698 sed
878 4631 1090 4720 gubernatio
1108 4624 1273 4716 Scholae,
1321 4629 1429 4698 vendi
1442 4653 1587 4723 campus
1601 4655 1638 4702 se
1654 4627 1744 4702 mihi
1756 4634 1881 4725 aperit.
1932 4633 2039 4725 Quod
2064 4639 2093 4707 si
2114 4661 2179 4730 pro
2196 4640 2322 4730 digni-

275 4753 368 4824 quae
398 4753 537 4822 semper
566 4727 605 4798 in
635 4729 788 4800 maximo
816 4745 891 4804 erat
919 4733 1026 4814 licre,
1053 4731 1159 4803 foelix
1191 4733 1270 4805 fuit.
1320 4744 1393 4802 tate
1413 4733 1563 4804 virtutes
1585 4735 1655 4804 viri
1677 4738 1898 4822 tractandae,
1929 4751 1964 4809 et
1990 4741 2127 4812 meritis
2149 4743 2322 4816 laudibus

276 4827 480 4902 Autoritate
494 4853 630 4902 summa
646 4831 823 4922 pollebat,
850 4846 892 4904 ut
906 4857 1029 4904 omnes
1042 4855 1114 4904 tarn
1130 4833 1271 4922 summi,
1321 4836 1501 4904 ornandae
1526 4851 1660 4923 essent,
1689 4839 1797 4908 nimis
1820 4840 1912 4911 soret
1928 4841 2118 4934 prolixum.
2172 4842 2258 4916 ldeo
2279 4847 2321 4917 in

273 4955 384 5026 quam
407 4933 522 5002 intimi
543 4933 697 5004 libenter
713 4949 975 5027 praeceptorem
993 4955 1219 5007 communem
1235 4949 1271 5009 et
1319 4959 1430 5029 pauca
1445 4934 1665 5016 contraham.

274 5048 444 5104 vocarent
466 5047 502 5104 et
524 5051 772 5126 agnoscerent,
805 5061 942 5108 summa
965 5039 1212 5125 observantia,
1235 5052 1271 5111 et

270 5135 472 5208 reverentia
489 5159 564 5206 non
579 5161 677 5210 secus
693 5161 734 5210 ac
747 5154 931 5233 parentem
946 5141 1122 5228 colerent,
1149 5142 1269 5212 moni·
1421 5139 1506 5214 Fuit
1519 5141 1558 5212 in
1575 5136 1645 5212 hoc
1660 5143 1740 5216 viro
1759 5147 1930 5217 excellens
1953 5149 2086 5242 pietas,
2110 5175 2181 5248 qua
2196 5151 2317 5227 Deum

272 5240 320 5312 tis
336 5239 449 5333 ipsius
464 5237 619 5311 libenter
634 5243 934 5336 obtemperarent.
987 5243 1059 5315 Nec
1080 5245 1176 5317 ullus
1196 5267 1267 5316 un·
1318 5267 1358 5315 ex
1379 5245 1490 5316 verbo
1513 5265 1577 5316 suo
1599 5269 1682 5317 vere
1698 5248 1860 5340 agnovit,
1882 5262 1917 5321 et
1935 5254 2119 5346 amplexus
2133 5270 2186 5329 cst
2202 5271 2317 5332 totam
