4866 5990
257 171 367 317 too'
572 189 581 292 .“
617 229 877 314 scatent
909 233 985 312 ao
1021 227 1215 352 vtran
1247 229 1323 308 ns
1357 166 1596 315 uenosi
1630 229 1930 342 nutasset
2218 231 2296 307 eoo

259 402 519 502 congressibus,
540 423 771 505 etnunquam
786 421 905 480 tamen
919 409 1040 479 animo
1055 409 1254 482 succubuit.
1303 421 1465 478 senatum
1485 405 1579 476 redit
1602 401 1710 476 hilari
1731 405 1843 479 vultu.
1892 404 2033 500 Excipit
2054 427 2137 475 eunt
2159 392 2298 476 liuthe-

260 513 426 605 Longum
440 537 523 584 vero
536 513 629 584 soret
643 514 763 584 omnia
779 507 865 581 haec
880 513 920 580 in
942 511 1139 604 praesentia
1155 535 1255 580 com·
1304 531 1384 594 rus,
1414 506 1513 598 Quid
1536 509 1603 578 tibi
1617 505 1784 600 Philippo
1809 509 1950 596 accidit,
1971 508 2110 601 inquit,
2135 509 2232 600 quod
2249 505 2299 577 ita

263 633 473 688 memorare.
996 686 998 694 ,
1304 607 1429 681 hilaris
1452 613 1497 680 ad
1522 633 1588 680 nos
1610 612 1723 696 redis,
1749 611 1812 704 qui
1836 613 1942 703 paulo
1959 625 2041 682 ante
2058 610 2198 680 tristior'
2210 603 2301 678 hinc

367 715 420 786 De
445 739 518 786 uno
543 712 660 784 adhuc
684 738 888 806 congressu,
914 715 976 808 qui
1001 715 1095 784 inter
1114 727 1256 784 nostros
1305 714 1441 796 exibas,
1474 715 1663 803 respondet
1692 713 1769 798 ille,
1802 737 1848 784 ne
1873 715 1981 784 simus
2009 711 2129 782 animo
2153 709 2301 802 pusillo,

265 817 353 902 init,
377 843 486 910 pauca
500 821 674 910 ‘qtaacdam
698 821 831 902 dicam,
857 831 892 887 et
908 809 1056 886 veniam
1070 812 1162 885 mibi
1179 815 1256 884 dati
1306 813 1475 898 Domini,
1498 815 1568 884 iam'
1593 817 1688 884 enim
1706 815 1780 884 vidi
1804 816 1940 909 eosqui
1955 839 2021 907 pro
2039 813 2144 884 nobis
2160 833 2301 905 pogna-

186 981 188 986 ,
266 935 348 1012 peto
374 920 556 1011 repetendi
585 911 682 988 nunc
704 923 748 989 de
773 914 919 988 homine
942 919 1121 988 carissimo
1146 931 1259 986 morte
1306 917 1379 986 turi
1401 930 1501 1000 sunt,
1528 917 1590 1010 qui
1613 933 1678 987 nos
1696 918 1905 1002 defendent,
1928 917 2061 1011 quique
2081 929 2204 1000 contra
2220 914 2299 984 vim

269 1035 408 1112 erepto,
433 1041 491 1105 ea,
518 1045 608 1114 quae
631 1021 706 1112 ipse
722 1021 824 1090 vivus
843 1021 946 1090 nobis
963 1020 1167 1090 dulcissimo
1185 1041 1260 1088 ser·
1307 1041 1449 1088 omnem
1474 1018 1600 1088 invicti
1624 1033 1730 1092 erunt
1746 1031 1780 1089 et
1802 1019 2008 1090 manebunt.
2060 1015 2209 1106 Quaerit
2222 1015 2301 1088 Lu-

162 1143 166 1158 ·
268 1147 375 1192 mone
390 1123 521 1192 referre
536 1124 681 1196 solebat.
722 1121 812 1194 Erat
828 1105 924 1192 iussn
942 1121 1150 1212 Principum
1165 1119 1260 1190 Tor·
1308 1116 1449 1204 therus,
1470 1119 1616 1213 quinam
1631 1135 1714 1192 sunt
1729 1115 1767 1189 hi
1785 1134 1856 1190 tam
1876 1123 2120 1206 fortesduces,
2146 1143 2186 1188 ac
2199 1117 2301 1186 mili-

164 1285 167 1289 .
270 1249 333 1314 gae
350 1226 387 1292 in
403 1229 509 1294 domo
527 1221 697 1311 parochi,
722 1223 882 1294 instituta
899 1226 993 1294 inter
1006 1223 1177 1294 Doctores
1192 1247 1260 1290 no·
1309 1236 1375 1293 tes:
1403 1217 1645 1292 parochorum
1667 1229 1871 1293 nostrorum
1894 1238 1929 1294 et
1944 1221 2187 1292 Diaconorum
2207 1245 2300 1290 utto·

213 1345 218 1354 ·
269 1341 423 1397 strarum
437 1321 679 1395 Ecclesiarum
704 1327 889 1417 primarios
908 1327 1116 1400 deliberatio
1131 1325 1262 1394 diffici—
1308 1347 1381 1408 res,
1405 1322 1525 1418 inquit
1541 1319 1746 1417 Philippus,
1772 1339 1806 1394 et
1828 1326 1969 1416 parvuli
1994 1323 2118 1408 liberi,
2144 1345 2301 1416 quotum

269 1427 368 1500 lima.
420 1423 629 1496 Adversarii
650 1428 746 1496 enirn
772 1441 857 1498 tunc
882 1449 971 1520 pene
992 1427 1115 1516 iugulo
1139 1440 1261 1496 nostro
1309 1448 1430 1518 preces
1445 1426 1515 1494 iam
1531 1427 1671 1510 audivi,
1698 1449 1785 1520 quas
1802 1425 1898 1496 Dens
1913 1450 1987 1496 non
2003 1439 2055 1494 est
2069 1425 2187 1494 surdis
2200 1423 2302 1494 auri-

269 1530 405 1600 serrum
428 1530 665 1599 admovebant
692 1543 727 1599 et
749 1531 911 1620 superior
935 1543 1105 1620 potestas,
1129 1551 1268 1619 pacem,
1312 1531 1376 1598 ltus
1394 1528 1592 1598 auditurus.
1638 1527 1759 1621 Neque
1774 1551 1831 1598 eas
1848 1523 1963 1598 adbuc
1980 1527 2132 1617 neglexit
2145 1527 2303 1619 optimus

272 1653 381 1724 quom
404 1629 507 1714 toties
532 1632 644 1700 nostri
673 1632 847 1722 supplices
879 1633 1078 1724 petiverant
1105 1629 1144 1697 in
1171 1629 1261 1698 libra
1312 1628 1415 1698 Pater
1436 1627 1585 1698 Domini
1607 1632 1720 1700 nostri
1746 1628 1825 1700 lesu
1845 1626 1997 1714 Christi,
2024 1653 2089 1698 nec
2110 1651 2236 1720 porro,
2261 1641 2305 1698 ut

154 1801 159 1814 ,
263 1732 448 1826 nautibus,
472 1744 513 1800 ut
528 1733 672 1825 quidam
688 1747 867 1824 praestans
881 1748 914 1802 et
929 1755 1077 1822 magnus
1092 1731 1147 1800 vir
1163 1731 1263 1816 dixit,
1312 1751 1512 1821 speramus,
1538 1731 1702 1820 negliget.
1752 1729 1929 1824 Exceptus
1943 1733 2002 1802 hic
2023 1755 2139 1800 sermo
2162 1743 2235 1818 est,
2261 1741 2304 1800 ut

184 1823 195 1844 ¹
276 1834 380 1904 nobis
402 1833 678 1919 admetiebatur,
711 1835 894 1926 nostrique
915 1833 1114 1924 Principes,
1146 1833 1264 1925 etqui
1311 1833 1395 1900 felix
1416 1846 1449 1904 et
1473 1833 1628 1902 faustum
1650 1858 1777 1919 omen,
1800 1848 1835 1904 et
1858 1835 1926 1902 iam
1942 1833 2071 1904 animis
2086 1833 2197 1922 magis
2214 1856 2304 1902 con-

276 1937 452 2004 docebant
478 1957 563 2005 non
604 1935 674 2005 levi
715 1937 759 2004 de
800 1961 901 2006 causa
936 1935 1263 2007 commovebantur.
1312 1933 1462 2024 firmati,
1492 1947 1652 2005 statuunt
1673 1936 1710 2004 id
1726 1937 1822 2028 quod
1839 1937 1917 2026 pios
1938 1951 1971 2006 et
1988 1948 2187 2006 constantes
2200 1933 2305 2004 verbi

276 2037 502 2128 Quapropter
525 2036 567 2107 Ι).
583 2035 765 2106 Martinus
787 2037 900 2107 etalii
924 2038 1069 2133 quidam
1089 2039 1265 2119 docentes,
1314 2035 1429 2104 divini
1452 2031 1624 2106 Doctoris
1639 2039 1803 2123 decebat,
1829 2052 1863 2108 et
1885 2039 1976 2108 illud
2000 2038 2159 2130 ipsorum
2181 2036 2306 2106 consi·

277 2138 432 2228 Torgam
449 2140 753 2224 convocabantur,
777 2140 841 2208 ubi
855 2153 940 2210 tnnc
957 2141 1036 2210 aula
1052 2152 1143 2218 erat,
1168 2137 1265 2207 utin
1313 2137 1419 2221 lium,
1446 2138 1614 2208 beneficio
1632 2135 1699 2208 Dei
1716 2139 1872 2208 ‘salutare
1891 2141 1958 2210 snit
1973 2137 2160 2218 Ecclesiis,
2186 2153 2222 2208 et
2237 2140 2304 2206 ad·
2328 2160 2331 2168 ·

276 2243 433 2308 medium
451 2240 685 2319 consulerent,
711 2241 797 2332 quid
811 2241 898 2326 lieri,
925 2241 981 2310 vel
999 2265 1074 2310 non
1090 2239 1167 2308 lieri
1181 2263 1264 2330 pos-
1313 2237 1518 2322 ilictionem,
1534 2264 1623 2334 quae
1637 2241 1856 2322 imminebat,
1873 2239 2174 2312 Deus'clementer
2188 2240 2304 2310 leniit.

278 2354 341 2412 set.
387 2337 598 2411 Existimant
615 2341 684 2410 iam
699 2341 754 2411 illi
768 2340 917 2428 Heroe's,
942 2343 1004 2436 qui
1021 2365 1117 2414 nunc
1133 2342 1264 2410 intuto
1313 2338 1457 2409 Possem
1473 2341 1541 2409 alia
1558 2343 1668 2410 multa
1684 2367 1975 2428 commemorare,
2002 2367 2092 2436 qnae
2107 2345 2306 2412 ostendunt

206 2439 208 2448 ’
278 2443 411 2512 feroces
441 2455 543 2522 sunt,
575 2443 637 2535 qui
663 2455 749 2513 tunc
777 2443 881 2535 Agon
908 2445 1120 2515 constitutus
1149 2443 1266 2529 suerit·
1314 2443 1418 2510 etiam
1436 2442 1517 2512 vivo
1534 2438 1703 2528 Luthero,
1725 2439 1933 2536 Philippum
1948 2437 2081 2514 nostris
2096 2443 2321 2538 neutiquam.

279 2543 370 2612 Nam
386 2556 427 2614 ut
442 2545 486 2612 de
499 2544 605 2612 minis
620 2557 764 2636 taceam,
790 2559 936 2617 conatus
949 2559 1042 2616 certe
1058 2560 1093 2615 et
1108 2543 1267 2614 notttio-
1302 2544 1493 2612 'metuendi
1512 2557 1689 2630 autorem,
1716 2548 1776 2614 sed
1795 2549 1839 2614 ad
1865 2547 2030 2616 fiduciam
2054 2546 2093 2614 in
2109 2541 2247 2616 Christo
2265 2557 2302 2616 et

276 2667 340 2714 nes
356 2645 636 2716 adversariorum
653 2647 827 2716 eiusmodi
843 2661 961 2732 erant,
985 2671 1095 2740 eaque
1110 2645 1264 2736 pericula
1315 2647 1545 2716 constantiam
1561 2671 1699 2740 semper
1714 2641 1930 2718 hortatorem
1945 2649 2064 2718 fuisse.

278 2747 384 2816 nobis
402 2748 672 2838 impendebant,
696 2773 787 2842 quae
803 2773 908 2819 nemo
926 2771 1032 2866 sanus
1054 2748 1157 2867 facile
1179 2771 1265 2866 con-
1415 2775 1570 2862 verum,
1590 2837 1592 2842 ,
1604 2803 1683 2850 cum
1709 2783 1803 2854 idem
1832 2783 2034 2875 loquuntur*
2050 2779 2168 2851 omnia
2193 2779 2306 2870 ppspus

280 2862 436 2918 ‘effluere
452 2861 578 2939 P⁰⁸⁵⁰l·
619 2846 750 2920 C⁰¹llffl
765 2875 854 2943 ‘luae
868 2853 933 2920 ml
946 2849 1130 2940 Pf¹¹¹⁶¹lle⁵
1145 2873 1265 2918 ³¹¹¹m⁰
1313 2877 1464 2969 scripta,
1488 2882 1635 2957 fortasse
1656 2907 1953 2974 supervacaneum
1971 2885 2134 2952 videatur
2154 2878 2211 2954 bis
2236 2881 2307 2950 im·

281 2951 484 3019 viderentur
496 2971 625 3040 magno
644 2965 748 3046 atque
764 2953 875 3025 inirac
893 2977 914 3022 o
931 2975 1020 3036 esse,
1046 2965 1164 3023 tamen
1182 2951 1264 3042 quia

246 3113 248 3120 ,
279 3053 324 3120 ed
345 3053 474 3122 multos
499 3053 695 3143 periculum
719 2967 939 3145 pertinebit,

963 3053 1026 3146 qul
1040 3077 1115 3123 ¹¹⁰ss
1136 3053 1267 3170 Pafllff
1314 3083 1401 3166 luit,
1427 3107 1492 3153 nec
1508 3098 1680 3178 quantum
1702 3087 1811 3180 aliqui
1829 3088 1960 3156 vellent
1980 3089 2218 3159 tumultuatus
2243 3101 2305 3166 est,

277 3177 335 3221 ⁰¹¹¹
343 3175 411 3223 ¹¹⁰⁵
421 3153 573 3224 anlm⁰⁵l
589 3169 705 3238 “aule
731 3168 766 3225 ‘l
781 3177 906 3243 ’ΜΕΝ
924 3157 1065 3226 V³⁸¹l¹³⁸
1080 3156 1266 3254 lmmm‘se
1315 3209 1395 3254 cum
1410 3201 1526 3256 tamen
1543 3189 1694 3257 eundem
1715 3213 1876 3269 cursum,
1901 3190 2182 3260 constantissime
2199 3211 2306 3278 urge·

223 3324 225 3333 ·
279 3254 484 3373 vl‘lel'f'lur’
510 3256 874 3376 9³⁰⁶l⁵‚d⁰⁰⁰¹¹llb¹}⁵’
896 3255 959 3349 <lui
973 3259 1137 3340 ‘'dem‘’
1160 3255 1265 3373 ‚V‘fld‘
1315 3301 1388 3369 ret,
1410 3287 1447 3357 id
1467 3289 1564 3358 laudi
1588 3291 1832 3384 potiusquam
1850 3290 1936 3361 vitio
1960 3292 2119 3362 tribuent
2140 3285 2308 3359 homines

279 3355 433 3423 dtsfictlts
456 3355 669 3425 consultatio
692 3369 871 3447 proposita
895 3369 978 3426 erat.
1030 3355 1136 3430 Sedet
1159 3371 1266 3444 tgttur

280 3469 462 3546 pauperet
481 3479 672 3548 paucorum
687 3457 854 3544 Senatus,
877 3483 895 3528 a
912 3461 988 3529 solo
1004 3456 1081 3528 Deo
1095 3459 1264 3528 auxilium

280 3581 402 3643 orans,
427 3580 589 3648 sperans,
609 3557 648 3628 'et
664 3574 859 3649 expectans.
912 3559 1073 3630 Tandem
1092 3575 1167 3652 post
1184 3585 1265 3651 pre-

279 3681 334 3727 ces
350 3674 382 3730 et
402 3662 486 3729 satis
508 3661 653 3750 longum
672 3663 910 3756 colloquium,
935 3657 1123 3753 Philippus
1140 3665 1263 3731 defati-
1283 3687 1285 3692 ’

1315 3485 1401 3570 baec
1416 3491 1544 3562 dixisse
1558 3493 1640 3562 satis
1657 3495 1713 3568 sit.

1415 3623 1527 3695 Porro
1551 3625 1589 3694 in
1612 3641 1789 3697 conventu
1805 3624 2058 3698 Ratisbonensi
2078 3627 2141 3718 qui
2159 3621 2305 3696 babitus
2416 3673 2417 3726 ss

1314 3739 1366 3797 est
1387 3729 1483 3797 anno
1507 3751 1527 3796 a
1553 3743 1635 3797 nato
1659 3755 1700 3798 ex
1722 3729 1859 3820 virgine
1881 3725 2024 3801 Christo
2050 3728 2303 3802 saturantur
2392 3819 2393 3822 Ἴ

1312 3829 1452 3898 labores
1468 3831 1610 3920 pertulit
1621 3825 1818 3923 Philippus,
1839 3847 1991 3924 quantos
2005 3833 2063 3900 vix
2077 3833 2197 3902 decem
2213 3831 2304 3902 alios

1311 3931 1557 4001 robostissimo
1576 3957 1722 4023 corpore
1739 3935 1892 4024 perferre
1916 3957 2017 4025 posse
2040 3937 2238 4019 crederem,
2262 3945 2301 4002 ut

277 3774 378 3850 gatus
391 3776 425 3832 et
441 3775 593 3832 moestus
608 3765 737 3854 surgit,
764 3779 838 3834 erat
860 3765 955 3832 enim
980 3765 1124 3856 paulum
1140 3787 1265 3832 evoca-

190 3947 191 3952 ,
276 3876 332 3932 tus
348 3865 480 3934 nuncio
496 3867 650 3956 quodam
664 3867 929 3956 interpellante,
956 3891 1026 3959 quo
1043 3866 1199 3950 dimisso,
1225 3866 1263 3934 in

274 3965 390 4034 reditu
406 3967 604 4051 ingreditur
617 3969 792 4053 conclave,
817 3969 855 4036 in
871 3993 941 4059 quo
959 3993 1028 4038 una
1044 3983 1143 4039 erant
1156 3969 1261 4037 mise-

275 4087 334 4133 rae
348 4068 594 4152 mulierculae,
621 4063 772 4136 Paroehi
796 4082 830 4138 et
851 4070 1003 4138 duorum
1021 4059 1261 4138 Diaconorum
1313 4057 1433 4103 ⁰mn⁰⁸
1448 4034 1681 4115 mlfl'ffflluf’
1708 4037 1887 4128 ‘1¹¹⁰m0d0
1909 4032 1977 4105 ΜΕ
1993 4049 2071 4126 lam
2086 4036 2205 4105 debile
2222 4057 2301 4105 ⁰⁰¹⁹

274 4165 441 4256 ⁰0nlt¹ge³
458 4191 497 4236 ac
513 4167 649 4256 parvuli
669 4170 790 4249 liberi,
813 4195 965 4262 quorum
984 4171 1047 4240 2111
1063 4171 1133 4240 jam
1148 4193 1261 4239 mam„
1313 4135 1497 4225 puseolum
1523 4149 1620 4206 tanto
1643 4139 1744 4205 oneri
1766 4138 1923 4255 sulficere
1943 4151 2080 4228 posset,
2103 4137 2238 4230 etquid
2261 4137 2302 4206 in
2416 4165 2417 4174 ¹

171 4341 175 4348 ,
273 4290 368 4336 mam
391 4270 579 4358 sugebant,
609 4269 672 4338 alii
697 4295 716 4340 a
739 4273 912 4342 matribus
934 4297 1052 4363 preces
1075 4271 1261 4342 recitantes
1311 4261 1352 4305 ‘¹⁰
1380 4249 1556 4306 ⁶⁰¹¹V⁰¹ll¹¹
1589 4237 1749 4308 effecum
1777 4254 1841 4324 ⁵¹²2
1878 4253 2013 4310 ¹¹⁰f¹¹¹¹i
2041 4255 2075 4310 02
2103 4253 2301 4332 ³8⁰⁰⁵ffl¹¹l

271 4369 522 4442 audiebantur.
580 4367 707 4442 Adstat
723 4385 757 4441 et
779 4375 878 4443 audit
898 4370 1085 4467 Philippus
1100 4399 1179 4443 cum
1197 4377 1260 4446 ad·
1310 4340 1397 4407 l'⁰¹¹¹
1413 4365 1452 4407 ‘¹⁰
1469 4365 1528 4428 ΡΠ·
1558 4355 1561 4362 .

272 4470 461 4543 miratione
494 4485 528 4541 et
557 4495 683 4561 magna
715 4473 964 4560 delectatione,
999 4479 1089 4548 sicut
1113 4477 1259 4557 solebat,
1410 4465 1813 4566 Exltiscongressibtis,
1839 4471 2301 4560 dotnumetadscbolasti-

270 4593 461 4661 puerorum
489 4573 724 4644 balbutientes
748 4599 884 4666 preces,
907 4602 1043 4648 mernor
1068 4579 1172 4648 dicti:
1205 4567 1272 4646 Εἰ
1309 4597 1385 4660 cos,
1409 4593 1539 4671 eosque
1561 4577 1649 4659 sibi,
1675 4593 1714 4646 ut
1738 4577 1888 4657 ferebat,
1915 4579 2138 4648 dulcissimos
2160 4580 2299 4648 labores

152 4745 161 4759 ‚
223 4751 224 4754 Ἴ
270 4697 332 4741 ore
348 4676 537 4749 infantium
554 4690 588 4746 et
603 4677 807 4747 lactentium
833 4679 1007 4768 perfecisti
1023 4682 1184 4761 laudem,
1209 4675 1258 4748 Et
1308 4701 1486 4760 reversus,
1513 4679 1551 4747 in
1576 4679 1647 4747 illis
1663 4685 1803 4773 quoque
1820 4679 2065 4772 multipliciter
2081 4673 2300 4750 interturba-

270 4777 367 4865 qnod
390 4779 576 4866 prae‹ipuc
602 4779 718 4868 ipsum
743 4782 924 4864 movebat,
951 4781 1048 4852 videt
1070 4807 1111 4852 ex
1127 4779 1257 4852 Diaco-
1309 4779 1430 4860 batur,
1457 4793 1573 4849 tamen
1594 4796 1731 4852 tanturn
1749 4795 1823 4851 erat
1846 4783 1884 4850 in
1900 4807 1940 4852 eo
1964 4783 2130 4852 omnibus
2152 4783 2299 4854 lsenela·

269 4899 397 4968 norum
412 4882 580 4951 uxoribus
594 4905 701 4949 uuam
719 4881 904 4950 lactantem
918 4882 1081 4963 tiliolum,
1104 4883 1255 4954 etsimul
1307 4883 1423 4950 ciendi
1445 4884 1622 4966 studium,
1648 4897 1687 4954 ut
1712 4880 1805 4953 nihil
1826 4885 2006 4954 molestiae
2031 4885 2198 4977 patientia
2221 4909 2298 4956 non

266 4977 478 5067 pastinacam
496 4985 534 5050 in
550 4983 741 5075 prandium
757 4983 883 5052 marito
898 4983 1126 5070 incidentem,
1151 5000 1255 5078 atque
1306 4985 1479 5069 vinceret,
1506 4982 1588 5055 huic
1616 5009 1736 5057 versus
1761 4987 1818 5055 vel
1844 4981 2059 5076 Epistulam,
2086 4987 2188 5069 alteri
2214 5011 2297 5056 ora-

1314 2983 1457 3054 morari.
1518 2983 1625 3072 Quod
1650 3001 1767 3072 antem
1786 2987 1902 3055 lenior
1925 2993 2052 3057 natura
2073 2999 2109 3056 et
2131 2984 2307 3077 placidior
2416 3001 2417 3012 ¹

1316 3391 1483 3470 modesti,
1510 3403 1544 3458 et
1567 3394 1611 3460 de
1632 3393 1696 3460 illo
1721 3395 1863 3485 quidem
1887 3408 2091 3464 nostrornm
2114 3414 2306 3481 congressu
2416 3395 2417 3476 J

264 5077 465 5149 audientem
491 5085 638 5154 altentm
666 5085 855 5175 parvulum
880 5085 1084 5156 recitantem
1109 5087 1255 5156 usitatas
1306 5087 1456 5172 tionem,
1480 5087 1584 5156 tertio
1599 5087 1870 5177 praelectionem
1892 5101 1951 5156 aut
1973 5089 2181 5158 concionem
2207 5089 2297 5160 scri·
2416 5093 2417 5100 '

262 5203 381 5270 preces
406 5199 440 5254 et
472 5185 693 5256 invocantem
717 5183 842 5256 Deum.
901 5183 1102 5269 Exclamat,
1137 5215 1158 5257 o
1184 5203 1253 5257 tres
1306 5189 1409 5258 laebat
1424 5189 1478 5257 vel
1496 5191 1716 5262 emendabat.
1745 5177 1823 5259 'De
1837 5189 1961 5259 aulicis
1979 5191 2075 5260 enirn
2092 5193 2297 5281 occupatio-

262 5297 398 5354 sanctos
415 5301 447 5355 et
460 5284 534 5354 Deo
549 5303 665 5374 gratos
688 5289 838 5362 labores.
892 5286 1252 5382 Abbocspectacnlo
1303 5291 1457 5369 nibuset
1473 5287 1708 5361 Ecclesiarum
1722 5292 1979 5381 gubernatione
1993 5294 2064 5362 iam
2078 5291 2152 5362 iton
2168 5295 2297 5364 dicam.

250 5385 484 5504 confirmatus
499 5385 642 5476 animo,
667 5391 791 5462 aciem
814 5392 928 5463 laetus
945 5406 1052 5489 atque
1068 5393 1193 5465 alacris
1212 5393 1252 5462 in
1302 5389 1369 5463 His
1393 5394 1519 5474 tantis,
1547 5407 1687 5488 tamque
1710 5393 1831 5465 multis
1856 5395 1982 5482 rebus,
2004 5419 2084 5465 cum
2107 5397 2295 5466 distinere-
