4884 5950
4 309 5 314 q
119 191 199 266 soe
602 185 916 286 Ausonum
951 192 1027 268 nr
1060 187 1295 270 annuus
1327 183 1685 268 couctoutts
2087 194 2165 270 eso

119 379 173 436 est
187 363 425 456 probandum.
469 361 653 438 Monstrat
667 379 750 458 apte
765 359 1011 452 cohaerentia,
1037 365 1117 437 vio·
1167 366 1299 438 talibus
1325 367 1432 454 loeis,
1466 366 1537 437 nisi
1567 363 1721 434 multum
1743 385 1785 436 ac
1805 360 1869 435 din
1891 365 2099 440 exarchatus
2119 367 2160 444 in

118 467 236 540 lenter
268 467 457 536 coniuncta
492 467 642 541 divellit.
704 466 843 538 Horum
875 465 967 536 nihil
1004 481 1118 556 potest
1165 466 1371 540 Dialectica.

119 567 287 666 ‘immi'
312 566 516 658 5⁰80⁰i⁰⁸11³
545 563 653 640 borno
678 583 762 661 apte
780 569 895 638 facere
917 569 957 638 in
978 569 1116 640 difficili
1256 567 1354 659 Quid
1373 566 1648 661 lur'pconsultus
1662 567 1701 636 in
1714 567 1942 640 altereatione
1956 570 2087 640 forensi
2104 572 2159 644 fa·

119 671 360 744 controversia
385 669 463 740 sine
491 685 576 742 arte.
635 673 757 766 ltaque
783 667 885 742 Plato
910 671 1115 759 gravissime
1166 670 1253 756 ciet,
1278 671 1436 766 sineque
1452 669 1590 760 partiri,
1616 669 1906 763 nequedefinire,
1931 695 2047 766 neque
2063 669 2156 743 mais

118 774 227 856 ἅὶῐῐῑ,
252 797 360 842 unam
376 766 472 842 hanc
485 772 637 842 docendi
653 797 694 842 ac
709 772 869 844 discendi
885 772 998 857 viam,
1023 797 1114 866 quae
1164 768 1391 844 cohaerentia
1422 771 1619 840 diiudicare
1652 771 1761 840 sciet?
1810 768 1939 841 Nonne
1975 774 2158 844 videbitur

119 888 162 955 iu
175 879 366 954 Dialectica
390 874 564 959 traditur,
587 871 699 944 aDiis
723 874 985 944 immortalibus
1000 876 1111 945 dona·
1163 871 1348 963 Camelus,
1378 887 1419 944 nt
1441 873 1562 956 aiunt,
1596 871 1752 942 saltans?
1790 870 1912 961 Quare
1935 873 2049 968 siqui
2075 899 2157 968 pc!-

118 1004 191 1059 tam
207 1005 280 1053 esse
301 978 422 1070 generi
446 971 623 1060 humano,
657 989 802 1068 propter
821 969 913 1046 hanc
937 999 1111 1046 summam
1162 975 1286 1046 fectam
1299 976 1497 1046 doctrinam
1515 987 1693 1068 expetunt,
1721 969 1758 1042 hi
1774 977 1860 1046 dent
1876 973 1914 1043 in
1930 975 2055 1068 primis
2069 1000 2157 1068 ope.

118 1089 326 1166 utilitatem,
352 1093 392 1150 ut
408 1081 534 1150 docere
556 1072 720 1148 homines
744 1073 838 1147 inter
858 1099 895 1146 se
918 1101 958 1146 ac
977 1077 1111 1146 discere
1163 1101 1249 1157 ram,
1279 1090 1320 1147 ut
1332 1073 1562 1148 Dialecticam
1578 1099 1653 1144 non
1668 1075 1784 1145 obiter
1797 1089 1966 1172 tanquam
1981 1077 2155 1167 fugientes

118 1199 280 1284 possent,
306 1185 401 1278 quod
426 1179 587 1250 inomni
616 1179 686 1248 vita
708 1178 858 1248 maxime
873 1177 1109 1248 necessarium
1161 1178 1356 1267 attingant,
1382 1179 1443 1247 sed
1468 1175 1654 1267 complecti
1678 1189 1788 1246 totam
1812 1179 1995 1261 studeant,
2021 1193 2055 1249 et
2079 1175 2155 1259 tter

118 1307 180 1365 est.
231 1289 325 1361 Sunt
345 1285 439 1354 enim
457 1279 608 1352 docendi
622 1275 785 1352 homiues
802 1280 846 1348 de
862 1279 1109 1368 religionibus,
1159 1281 1245 1348 artis
1270 1280 1339 1348 sibi
1368 1279 1516 1367 faciant,
1556 1292 1596 1348 ut
1627 1301 1708 1348 vere
1728 1279 1831 1358 iuxta
1856 1281 2084 1371 proverbium
2107 1279 2155 1352 sit

117 1400 163 1468 de
186 1395 280 1474 iure,
313 1390 357 1458 de
377 1385 533 1475 legibus,
560 1385 605 1454 dc
622 1380 876 1454 controversiis
897 1381 1107 1466 forensibus,
1160 1381 1359 1450 communis
1379 1378 1600 1464 Mercurius,
1632 1373 1701 1449 hoe
1730 1394 1796 1464 est,
1826 1393 1868 1450 ut
1887 1380 2023 1474 ubique
2045 1381 2091 1452 sit
2111 1380 2153 1450 in

115 1503 231 1590 deque
252 1491 332 1562 aliis
346 1489 470 1558 multis
486 1489 605 1556 rebus.
656 1481 697 1554 ln
714 1477 772 1552 his
787 1482 953 1552 omnibus
974 1504 1030 1550 res
1054 1480 1107 1550 ia·
1159 1495 1328 1573 promptu
1349 1479 1561 1566 Dialectica,
1590 1494 1625 1552 et
1646 1503 1704 1550 res
1726 1483 1894 1552 obscuras
1917 1483 2088 1574 explicet.
2117 1496 2153 1552 et

116 1615 199 1674 cent
214 1593 403 1682 dissipatae
417 1601 453 1662 et
467 1589 652 1670 confusae,
677 1587 746 1656 nisi
763 1583 952 1656 Dialectica
967 1583 1110 1672 colligat
1159 1584 1333 1675 expediat.
1440 1653 1445 1669 ἱ
1977 1653 1978 1656 ¹

116 1727 186 1786 eas,
212 1724 252 1769 ac
267 1693 468 1765 distribuat.
509 1682 988 1782 Uuaigitus·esthaecpars,
1015 1707 1105 1777 quac
1263 1683 1306 1753 ln
1330 1679 1396 1753 hac
1420 1679 1669 1754 adhortatione
1691 1707 1853 1772 magnam
1877 1697 2012 1775 partem
2034 1656 2153 1754 libro.

116 1803 284 1878 ornnibus
305 1793 477 1883 nunciis,
499 1787 963 1865 omnihusartibuslumen
981 1787 1108 1869 adfert,
1159 1809 1238 1857 rum
1270 1809 1417 1856 snorum
1448 1785 1581 1877 ubique
1610 1787 1788 1857 consumit
1816 1785 1937 1872 Plato,
1973 1787 2154 1877 exagitans

115 1909 208 1979 sicut
228 1901 331 1971 Plato
353 1895 490 1988 inquit,
519 1918 542 1964 a
562 1883 774 1964 Prometheo
795 1888 914 1980 aliquo
931 1886 1107 1958 divinitus
1158 1881 1333 1978 sophistas
1355 1886 1454 1978 illius
1476 1886 1662 1975 temporis,
1687 1887 1854 1980 aquibus
1879 1887 2046 1959 inventu.
2068 1889 2153 1958 nul.

32 2071 33 2074 ,
117 2013 164 2081 ad
189 2003 351 2076 homines
377 1997 544 2090 perlatam
577 2017 673 2078 esse,
705 1980 1108 2083 inaquositatem
1160 1991 1228 2060 lius
1254 1988 1306 2058 rei
1329 1989 1518 2078 perfectam
1547 1987 1728 2056 scientiam
1753 1990 1927 2073 discebat,
1960 2013 2040 2059 curn
2062 1985 2152 2060 Diap

116 2103 227 2204 πυρὶ,
253 2105 375 2193 idest,
401 2124 484 2170 cum
499 2095 718 2168 lucidissimo
733 2093 886 2185 quodam
906 2089 997 2178 igni3
1022 2089 1107 2176 quia
1159 2090 1279 2161 lectica
1298 2113 1370 2158 nou
1386 2091 1597 2162 traderetur.
1636 2085 1684 2157 Et
1704 2089 1860 2178 profecto
1876 2087 2073 2182 periculum
2088 2105 2152 2174 est,

115 2213 283 2285 obscuras
299 2217 556 2274 casrms'omnes
571 2197 731 2282 patefacit
748 2209 782 2264 et
794 2191 984 2270 illuminat.
1031 2191 1103 2260 Fa·
1157 2195 1251 2274 fnre,
1278 2203 1316 2258 ut
1334 2191 1520 2280 posteritas
1536 2211 1681 2278 magnas
1699 2213 1832 2281 poena
1845 2194 1905 2262 det
1922 2205 2059 2284 spretae
2082 2187 2152 2260 hoa

115 2317 183 2388 cile
210 2309 321 2399 igitur
344 2302 494 2390 intelligi
522 2313 653 2391 potest.
697 2292 789 2366 han'c
813 2307 924 2364 artem
952 2293 1103 2362 maxime
1158 2309 1316 2381 tempore
1348 2289 1566 2362 Dialectices.
1629 2287 1722 2360 Nam
1756 2315 1836 2362 osrrn
1870 2292 1947 2362 siue
1980 2287 2151 2363 methodo

117 2415 279 2489 amasium
297 2405 528 2476 necessariam
550 2425 640 2485 esse,
664 2399 840 2491 siquidem
856 2415 942 2464 usus
962 2392 1037 2466 eius
1054 2393 1108 2460 la-
1158 2391 1393 2488 Theologiam
1416 2407 1451 2464 et
1473 2391 1563 2460 alias
1581 2413 1725 2480 magnas
1754 2405 1849 2463 artes
1877 2393 2153 2483 profitebuntur,

117 2518 255 2592 tissime
277 2515 372 2603 patet
397 2508 434 2574 in
456 2504 623 2575 omnibus
645 2499 820 2589 negociis,
847 2509 879 2565 et
904 2507 996 2570 artes
1017 2494 1107 2562 aliae
1158 2495 1247 2565 meri
1280 2489 1470 2564 histriones
1506 2505 1630 2578 erunt,
1668 2493 1769 2563 nulla
1805 2495 1961 2586 perfecta
1988 2495 2153 2568 doctrin,

119 2619 211 2694 tradi
231 2627 292 2684 aut
314 2609 449 2702 percipi
469 2605 630 2678 sinaista
653 2625 727 2670 non
751 2609 907 2691 possunt.
960 2594 1109 2666 Graecis
1158 2597 1320 2691 praediti.

117 2715 308 2816 proverbio
338 2711 485 2780 dicitur:
523 2702 733 2778 Communis
761 2698 983 2780 Mercurius,
1010 2696 1107 2788 quod
1259 2695 1334 2766 Nos
1356 2696 1466 2786 igitur
1484 2709 1517 2768 et
1535 2694 1819 2766 doctissimorum
1844 2691 2152 2768 hominummto.

118 2822 282 2892 homines
296 2813 457 2884 oratione
474 2808 699 2900 patefaciant.
725 2818 761 2874 et
773 2797 1035 2870 corrrmnnicent
1050 2798 1109 2864 in-
1158 2799 1279 2882 ritate,
1304 2813 1341 2868 et
1362 2797 1517 2868 utilitate
1532 2795 1674 2888 publica
1689 2799 1824 2866 moveri
1842 2799 1962 2883 dccet,
1987 2787 2150 2892 utquam

117 2944 170 2998 ter
190 2945 227 2991 se
248 2938 371 2988 omues
398 2937 453 2982 res
467 2912 662 2990 obscuras,
686 2919 720 2976 et
743 2903 945 2994 cognitione
969 2899 1108 2987 dignas.
1158 2899 1351 2994 plurimum
1376 2899 1487 2969 studii
1506 2912 1611 2991 atque
1633 2921 1762 2988 operae
1782 2899 1820 2968 in
1838 2894 1930 2968 hanc
1947 2913 2057 2970 artem
2074 2899 2150 2968 onl-

119 3026 160 3099 ld
191 3033 309 3094 autern
336 3016 393 3084 vel
425 3013 578 3082 maxime
609 3005 778 3097 competit
804 3006 843 3072 iu
868 2999 1108 3084 Dialecticam,
1159 3005 1327 3090 locemus,
1348 3014 1388 3070 ut
1405 2995 1472 3070 hoc
1486 2999 1762 3070 instrumentum
1775 3003 1819 3069 ad
1835 3000 2034 3092 superiores
2047 3015 2151 3083 artes,

117 3149 210 3224 qtrac
234 3125 277 3193 ad
301 3141 426 3188 ornnes
446 3129 554 3197 artes,
578 3113 624 3180 acl
646 3131 770 3178 omnes
785 3104 947 3176 difficiles
964 3115 1110 3172 contro-
1158 3107 1200 3175 ad
1229 3103 1488 3194 rempublicam
1519 3100 1719 3174 afferamus.
1771 3101 1877 3172 Decet
1908 3101 2004 3172 enim
2034 3103 2151 3172 bonos

119 3229 266 3306 versiae,
292 3224 336 3290 ad
351 3217 470 3288 omnia
486 3217 634 3284 obscura
650 3210 794 3300 negocia
809 3203 1010 3276 adhibetur.
1044 3200 1109 3274 En
1159 3207 1254 3276 siros
1273 3218 1473 3299 praestare,
1504 3203 1567 3296 qui
1588 3206 1632 3271 ad
1655 3203 1797 3293 publiea
1821 3203 1985 3292 negocia,
2015 3204 2060 3273 sd
2083 3205 2151 3276 do-

120 3332 229 3421 igitur
253 3321 444 3395 Dialectica
471 3315 600 3399 veluti,
634 3307 760 3391 κοινὸς
788 3307 902 3401 ἑρμῆς
933 3305 1108 3394 interpres
1159 3306 1508 3394 cendasreligiones,
1533 3316 1595 3374 ant
1615 3307 1808 3374 exercenda
1825 3305 2152 3388 iudiciaaccedunt,

118 3433 277 3504 Deorum
300 3438 405 3516 atque
426 3416 631 3499 hominum,
655 3415 695 3484 in
709 3412 868 3501 templis,
893 3407 1045 3489 infore,
1069 3405 1109 3474 in
1158 3423 1319 3500 utquam
1335 3407 1556 3496 paratissimi,
1581 3407 1627 3474 ad
1642 3407 1890 3490 resmaximas,
1911 3405 2151 3492 difficillimas,

119 3531 262 3607 scholis,
285 3529 323 3596 in
341 3523 494 3601 iudiciis,
516 3519 556 3590 in
570 3517 716 3591 Senatu.
755 3511 919 3606 Denique
933 3529 1108 3601 nusquam
1159 3525 1193 3582 et
1210 3511 1332 3602 plenas
1347 3505 1496 3598 periculi
1511 3507 1689 3580 accedant.
1741 3505 1831 3576 Nam
1855 3508 2012 3598 improbi
2032 3503 2150 3581 homi.

117 3628 409 3708 uonutceraflur·
547 3707 550 3714 .
1160 3613 1215 3682 uis
1240 3624 1310 3695 est,
1337 3608 1495 3698 polliceri
1522 3605 1710 3676 consilium
1732 3619 1839 3699 atque
1862 3609 1966 3697 op'em
1991 3603 2148 3694 Reipub,

221 3732 305 3822 Quo
329 3728 441 3816 magis
462 3715 744 3816 reprehendendi
763 3727 845 3783 ssent
860 3706 928 3780 hoc
941 3724 1109 3802 tempore,
1158 3716 1188 3786 si
1205 3715 1292 3782 sciat
1312 3709 1552 3780 infirmitatem
1573 3731 1672 3776 suam
1689 3721 1723 3778 et
1739 3707 1918 3778 inscitiam
1932 3707 2149 3800 reipublicae

118 3841 183 3936 qui
208 3837 284 3905 sine
306 3829 497 3900 Dialectica
519 3833 711 3915 properant
727 3819 770 3886 ad
792 3814 992 3905 superiores
1007 3824 1110 3896 artes,
1158 3813 1392 3911 periculosam
1408 3811 1499 3882 fore,
1549 3805 1646 3880 Dixi,
2114 3820 2118 3830 ,

117 3939 305 4033 inquibus
325 3930 493 4026 quoniam
509 3927 593 3996 'siue
607 3921 797 3994 Dialectica
822 3907 1030 3986 methodum
1052 3935 1109 3980 re-

120 4043 236 4138 perire
252 4037 388 4106 nullam
405 4041 566 4122 possunt,
588 4027 635 4097 ita
651 4021 832 4102 errabunt,
855 4029 894 4086 ut
909 4015 938 4084 si
955 4015 991 4082 in
1007 4015 1109 4102 igno-
1164 4041 1248 4054 --

119 4142 267 4220 tissimis
282 4136 487 4227 regionibus
505 4141 608 4200 nocte
625 4127 692 4197 iter
705 4125 874 4192 facerent.
925 4113 972 4186 Et
989 4115 1054 4184 hac
1071 4113 1109 4182 in
2229 4181 2236 4190 ⁸

119 4273 159 4321 re
182 4245 300 4314 rninus
320 4238 496 4308 sustinent
520 4229 687 4322 periculi,
713 4223 776 4318 qui
800 4217 999 4292 Medicinae
1021 4218 1110 4286 dasrt
1167 4188 1339 4314 &33⁹
1980 4175 2150 4302 Q

119 4369 277 4440 operam.
331 4341 421 4412 Nam
454 4331 491 4405 hi
517 4330 709 4402 Dialectica
742 4337 879 4396 tanturn
914 4320 951 4388 iu
979 4313 1110 4390 scholis
2113 4339 2116 4348 .

120 4463 283 4524 utuntur.
320 4437 496 4526 'l'heoloqi
512 4450 546 4505 et
562 4427 806 4503 iurisconsulti
824 4423 1010 4516 proferunt
1022 4417 1110 4488 Dia-

120 4553 280 4625 iectieam
303 4569 342 4615 es
368 4543 495 4614 umbra
511 4537 549 4604 in
571 4534 691 4603 aciem.
743 4527 816 4600 Nec
839 4547 919 4594 suas
945 4541 1110 4614 personas
1441 4555 1581 4630 Fabula
1601 4577 1652 4628 a
1671 4555 1876 4630 Theocrito·

122 4660 200 4728 sine
218 4646 537 4720 hociosnomenso
555 4635 645 4712 tueri
661 4643 822 4723 possunt.
861 4625 992 4696 Paulus
1009 4645 1108 4712 prae·
1403 4696 1413 4718 Ι

121 4756 210 4847 cipit
225 4752 371 4818 verbum
387 4744 451 4814 Dei
465 4737 704 4834 sipdosoeesir.
751 4735 785 4798 ut
801 4729 981 4821 quomodo
998 4723 1112 4806 faciet,
1159 4701 1284 4786 Nemo
1302 4718 1456 4777 vestrum
1474 4703 1631 4794 ignorat,
1655 4725 1712 4772 rne
1728 4702 1766 4772 io
1782 4697 1851 4772 hoc
1873 4701 1953 4772 loco
1968 4703 2011 4772 ad
2028 4701 2151 4777 dicen-

121 4859 186 4958 qui
203 4853 338 4924 nullasu
362 4847 447 4918 sciet
465 4857 544 4932 apte
558 4832 800 4924 distinguendi
813 4843 848 4900 et
863 4824 1035 4918 partiendi
1054 4848 1112 4892 ra·
1160 4819 1246 4886 dcam
1269 4809 1387 4882 officio
1413 4805 1557 4926 adduci.
1616 4799 1767 4876 Scholae
1797 4803 1892 4872 enirn
1921 4806 2152 4888 cotrsuctudo,

120 4955 283 5034 tionem?
316 4950 412 5038 Quid
433 4945 501 5016 erit
515 4938 765 5014 monstrosius,
791 4931 951 5002 doctrina
968 4925 1112 5012 religio-
1161 4939 1252 5012 quae
1272 4915 1389 5002 legum
1412 4921 1523 4978 instar
1547 4903 1710 4976 habenda
1734 4919 1801 4990 est,
1828 4899 1894 4974 hoc
1916 4904 2036 4974 oneris
2061 4899 2150 4976 mihi

123 5063 194 5146 nis,
221 5057 248 5126 si
266 5051 393 5124 diversi
413 5047 479 5118 loci
499 5045 751 5120 miscebuntur,
776 5051 811 5106 et
825 5023 1114 5102 confundentur?
1161 5015 1332 5108 imponit,
1358 5025 1396 5082 ut
1412 5013 1456 5080 de
1471 5009 1637 5080 laudibus
1650 5008 1796 5076 istarum
1811 5005 1942 5076 artium
1956 5006 2086 5096 dicam,
2112 5007 2150 5076 iu

122 5163 247 5266 quales
263 5169 356 5242 stant,
380 5148 540 5222 doctrina
555 5144 687 5233 legisct
705 5134 899 5222 Evangelii,
923 5129 1025 5200 Vitae
1039 5127 1113 5217 spi·
1161 5121 1292 5214 quibus
1315 5109 1485 5184 hacteuus
1510 5107 1637 5180 versati
1659 5129 1793 5178 sumus.
1845 5104 2060 5212 Quanquam
2082 5107 2152 5174 im-

122 5261 266 5342 ritualia
285 5257 417 5334 officia,
442 5265 475 5319 et
493 5250 584 5318 sitae
601 5243 717 5314 civilis
737 5237 871 5318 officia,
897 5243 1112 5302 sacramenta
1162 5219 1335 5293 hecillitas
1351 5211 1486 5303 ingenii
1507 5209 1595 5294 mei,
1619 5221 1654 5280 ct
1669 5203 1754 5278 haec
1771 5209 2076 5279 ornatissimorum
2096 5205 2153 5274 vi·

126 5385 161 5442 st
179 5359 372 5437 sacrificia?
397 5353 518 5448 Neque
536 5347 724 5444 quisquam
742 5339 825 5412 satis
841 5349 965 5410 cautus
984 5333 1052 5404 erit
1073 5331 1114 5400 in
1161 5344 1286 5396 rorum
1299 5311 1520 5410 frequentia,
1539 5333 1596 5382 me
1611 5333 1632 5382 s
1647 5310 1801 5382 diceudo
1815 5313 2012 5396 deterrent,
2031 5323 2150 5380 tamen

1229 4403 1262 4458 lu
1278 4400 1392 4470 Quaest.
1402 4399 1436 4456 ab
1449 4397 1539 4452 abac
1552 4397 1618 4452 edit.
1636 4417 1665 4472 p.
1676 4397 1694 4454 9
1705 4394 1732 4454 5.
1746 4415 1809 4471 sqq.
