4896 5974
153 189 231 268 495

155 366 236 461 lpse
249 381 351 459 pater
364 369 458 441 vitae
476 395 618 442 cursum
637 369 1058 458 moderabitur'omnem,
1076 409 1079 416 ⁴

204 468 279 541 Nec
296 472 441 543 fortuna
459 473 527 546 tibi
543 497 645 546 saeva
661 499 789 545 nocere
804 486 929 566 potest.

176 811 247 885 No.
265 799 328 890 86.

160 910 337 940 m

785 821 926 904 (fortasse
943 845 994 891 an.
1014 823 1126 905 1524.)

747 921 1145 956 m

911 191 1236 274 CARMINUM
1275 193 1382 270 LlB.
1424 197 1451 272 l.

2125 211 2202 288 tat

1209 363 1249 437 Si
1263 363 1459 462 Phrygium
1475 370 1580 441 discis
1596 372 1759 446 divinum
1776 402 1918 452 carmen
1932 377 2091 472 Erasme

1257 468 1423 542 Moribus
1441 485 1474 542 et
1490 474 1612 564 lingua
1625 489 1816 572 tummage
1835 483 1950 556 cultus
1965 487 2044 559 eris.

1204 565 1397 642 Phaeacios
1414 575 1504 645 alius
1522 577 1641 646 forsan
1660 579 1860 654 laudaverit
1875 580 2010 674 hortos,

1255 669 1325 744 Hic
1339 671 1429 745 mihi
1447 679 1641 767 fragrantes
1657 677 1777 778 Phryx
1792 687 1863 758 olet
1880 711 1958 760 ecce
1973 713 2083 770 rosas.

1203 771 1370 847 Moribus
1387 774 1552 849 humanis
1570 806 1676 872 quam
1693 787 1805 875 prosit
1821 787 1931 861 tincta
1946 789 2067 884 lepore

1253 873 1388 951 Fabula
1404 882 1435 951 si
1451 883 1564 954 nescis
1578 877 1699 978 Phryx
1715 888 1780 958 tibi
1797 889 1897 962 testis
1917 893 1994 970 erit.

211 1025 459 1106 'ApudSecerium
478 1047 505 1091 at
526 1037 555 1092 in
574 1057 639 1111 opp.
652 1035 733 1097 Basil.
750 1037 785 1097 Τ.
799 1037 834 1096 V.
853 1059 882 1114 p.
894 1040 955 1098 ΜΟ.
987 1043 1059 1112 ,item
1077 1043 1150 1115 apud
1200 1083 1444 1102 .-.-...........

258 1103 386 1159 Vincent.
404 1123 432 1174 p.
448 1105 489 1162 10.

140 1261 377 1338 Benedlcll‘l
413 1287 575 1338 mm·
627 1267 683 1350 (Ῑῑ1
715 1295 806 1338 mum
847 1299 973 1340 suorum
1013 1276 1150 1360 discipu-
1223 1211 1291 1286 ΝΟ·
1308 1213 1371 1288 39⁶

583 1375 715 1458 lorum.)

138 1521 216 1592 His
234 1517 349 1612 epulis
368 1521 543 1614 donisque
559 1519 629 1592 tuis
647 1519 1016 1620 benedicito-Christe,

200 1623 254 1698 Ut
269 1626 413 1693 foveant
429 1624 527 1692 iussu
542 1647 690 1715 corpora
707 1625 796 1700 fessa
816 1643 890 1722 tuo.

141 1726 233 1800 Non
249 1725 313 1794 alit
329 1725 366 1794 in
381 1725 496 1816 fragili
511 1725 613 1816 panis
632 1727 739 1796 modo
755 1710 903 1820 corpcire
919 1727 1045 1816 vitam,

196 1829 327 1902 Sermo
341 1843 423 1898 tuus
445 1828 536 1900 vitae
551 1841 710 1919 tempora
727 1828 834 1920 louge
851 1832 947 1905 facit.

906 2173 1002 2282 eoa.
1016 2166 1129 2260 emp.)

920 2266 1137 2304 m

156 2419 160 2426 .
215 2379 248 2434 tn
261 2393 326 2447 opp.
343 2371 411 2428 stet.
425 2369 511 2426 Basil·
527 2368 560 2426 Τ.
576 2372 609 2424 V.
628 2388 656 2442 pa
669 2369 729 2426 240.
745 2377 771 2426 et
784 2369 858 2442 apud
873 2367 1004 2430 Vincerat.
1021 2392 1050 2444 p.
1068 2378 1107 2430 tt.

148 2563 153 2568 ·
246 2539 468 2611 Gratiarum
486 2536 586 2604 aetio
600 2541 686 2625 port
705 2528 828 2614 cibam
844 2541 1046 2626 sumptum.

289 2631 319 2676 Ψ
393 2631 576 2724 (Discipulis
590 2646 653 2702 suis
665 2639 874 2724 praescripta.)
945 2629 949 2639 ’

146 2797 338 2889 Postquam
375 2790 490 2884 epulis
516 2801 649 2860 exemia
675 2789 805 2874 fames,
846 2811 1057 2886 mensaeque
1082 2816 1138 2863 re-

658 2903 786 2992 mqtae,

197 2997 363 3070 Dicemus
378 3006 491 3084 grates
503 3011 569 3061 nos
587 2991 652 3062 tibi
674 3013 810 3060 summe
825 3003 935 3082 pater.

148 3105 226 3177 Non
247 3099 334 3170 haec
351 3086 525 3167 humanas
543 3095 635 3162 vires
652 3093 820 3190 alimenta
835 3093 1022 3177 iuvabunt,

197 3205 330 3278 Divina
348 3199 377 3268 si
395 3221 468 3270 non
486 3191 553 3267 hae
570 3195 756 3266 foveantur
772 3217 850 3286 ope.

148 3311 306 3400 Namque
324 3317 387 3408 tuo
400 3300 528 3372 vivunt
540 3298 669 3386 agitata
683 3321 702 3366 a
718 3295 873 3368 Numine
891 3311 1027 3386 cuncta,

197 3409 345 3482 Adllatu
359 3402 497 3496 spirant
514 3413 659 3484 cuncta,
684 3400 964 3492 valentquetuo.

145 3515 247 3588 Nunc
264 3508 371 3579 etiarn
388 3504 494 3596 gratis
512 3501 641 3596 animis
655 3501 824 3572 alimenta
842 3501 1019 3586 ministra,
1051 3549 1057 3558 ·
1121 3531 1124 3538 ·

192 3613 312 3705 Atque
327 3605 522 3677 immortali
537 3618 676 3696 pectora
694 3626 795 3694 pasce
814 3603 907 3676 cibo.

146 3717 191 3792 Et
207 3716 289 3810 quia
306 3735 389 3782 cura
407 3723 527 3778 stamus
544 3720 621 3790 tua,
647 3729 713 3775 nos
728 3717 828 3797 pater
843 3703 976 3794 optime
996 3729 1109 3790 serva,

196 3817 242 3890 Et
259 3815 376 3885 studia
392 3824 426 3880 et
442 3809 532 3880 vitae
548 3821 708 3898 tempora
723 3819 848 3876 cuncta
865 3829 958 3894 rege.

143 3922 306 4012 Cumque
320 3913 442 4008 epulas
458 3909 597 3980 dederis
615 3933 734 3978 rerum
753 3919 852 4000 pater
870 3909 1002 3998 optime
1018 3908 1134 3996 nobis,

192 4023 297 4097 Adde
312 4015 427 4116 epulis
443 4013 536 4082 vires
550 4036 615 4104 pro
631 4011 790 4082 bonitate
805 4023 865 4081 tua
882 4001 931 4103 ⁴⁵).

134 4215 1131 4250 W

165 4357 236 4432 tto.
252 4354 314 4432 88.

143 4454 323 4488 w

1109 4341 1114 4348 s

922 4349 988 4430 (aa.
1009 4351 1120 4432 1525.)

916 4441 1128 4480 Q

212 4575 244 4630 ln
259 4587 325 4648 opp.
339 4569 422 4629 basil.
441 4569 476 4630 T.
492 4567 525 4625 V.
545 4564 646 4640 psas.
657 4572 685 4618 et
697 4561 769 4634 spud
784 4559 911 4616 Vincerat.
931 4579 960 4635 p.
976 4562 1029 4616 22⁰
1040 4579 1082 4634 sq.

164 4739 216 4810 ln
239 4737 426 4828 Aeropum
448 4734 684 4828 epigramma
710 4719 886 4796 Ebnero
911 4727 1106 4815 scriptum.

131 4885 294 4962 Nomine
308 4907 398 4979 quae
413 4875 558 4972 sophiae
573 4899 611 4945 se
629 4869 751 4942 vendit
766 4869 870 4941 turba
887 4872 1041 4964 superbo

192 4985 268 5060 Ore
283 4998 411 5057 sonant
426 4982 559 5073 tragico
576 4975 711 5046 somnia
730 4971 890 5046 ridicule.

131 5089 231 5164 Eece
249 5090 336 5160 iocis
349 5083 526 5182 Phrygius
543 5083 629 5150 dum
650 5075 772 5145 condit
788 5075 896 5159 seria,
920 5085 1091 5168 punctum

189 5191 311 5264 Omne
327 5190 410 5261 tulit
431 5189 580 5258 miscens
596 5179 760 5251 dulcibus
777 5176 890 5248 utilia.

127 5327 332 5347 ‘nn-⁸¹*

169 5383 202 5446 θ)
218 5383 285 5440 nuo
301 5401 396 5448 reram
408 5378 498 5436 ultimi
512 5377 542 5469 ia
555 5376 634 5438 lircil.
645 5373 778 5444 ‘teruntur
787 5381 868 5440 posts
891 5371 1041 5431 aelmaer
1052 5379 1110 5428 m

1975 1230 2041 1310 (an.
2057 1233 2169 1316 1525.)

1208 1307 1382 1339 m
1974 1319 2187 1363 Μ

1269 1426 1301 1484 iu
1323 1427 1428 1512 farrsg.
1443 1428 1548 1484 Secarii
1564 1430 1631 1484 etin
1645 1448 1710 1502 opp.
1726 1432 1794 1490 Mel.
1809 1434 1871 1493 Bas.
1887 1435 1922 1496 Τ.
1933 1440 1966 1496 V.
1983 1460 2011 1514 p.
2023 1441 2084 1499 158.
2118 1445 2192 1500 Item

1301 1500 1373 1604 apud
1388 1500 1564 1620 vincareto&
1585 1501 1793 1628 [birrihll'nluffi
1811 1507 1933 1590 quinque
1953 1509 2076 1594 emutire
2090 1511 2191 1636 inseris

1301 1572 1519 1692 hlblarilbblnemg
1528 1588 1711 1692 bsbilsntibui
1730 1650 1756 1692 et
1776 1594 2189 1706 dilbbtiiibllserxeiueesriie'ssslbs

1300 1708 1453 1761 creabatur.
1492 1703 1536 1758 De
1555 1721 1611 1777 quo
1631 1726 1708 1761 more
1724 1705 1856 1766 habemus
1875 1715 2061 1772 testimonium
2077 1718 2190 1774 Melan·
2265 1749 2274 1762 κ

1298 1775 1389 1829 tbouis
1411 1775 1439 1828 in
1455 1792 1498 1844 ep·
1518 1775 1551 1827 ad
1569 1773 1704 1829 Camerar.
1737 1776 1799 1834 Vol.
1819 1778 1839 1836 l.
1865 1800 1892 1852 p.
1911 1783 1990 1854 722,
2013 1787 2059 1840 ubi
2080 1787 2189 1844 ‚mihin

1295 1842 1415 1917 „Nuper
1434 1845 1465 1898 ἐν
1484 1843 1517 1917 τῇ
1536 1839 1648 1912 Milyas
1667 1845 1740 1911 (fest.
1761 1845 1904 1920 Epiphan.)
1929 1869 1970 1906 ιε
1993 1872 2073 1922 1555155ι
2089 1874 2188 1922 regem

1298 1917 1378 1966 domi
1393 1921 1510 1966 nostrae
1520 1917 1617 1975 pueris
1626 1915 1791 1972 creavimus.
1826 1918 1912 1971 Forte
1921 1927 1947 1972 et
1961 1919 2109 1980 advenerat
2122 1923 2188 1979 flat-

1297 1981 1441 2040 lerhodus‚
1467 1989 1492 2033 et
1509 1979 1561 2034 lats
1585 1981 1624 2034 les
1639 1993 1701 2046 est,¹
1721 1994 1764 2052 ut,
1788 1985 1893 2058 quoties
1910 1987 2047 2044 habentur
2061 1991 2186 2064 comitia,

1296 2051 1513 2133 suumquisque·
1524 2049 1656 2144 scriptum
1669 2050 1783 2108 adferat.
1817 2053 1924 2111 Victori
1938 2059 2073 2136 προεδρία
2089 2061 2187 2118 decer·

1297 2129 1373 2175 natur
1384 2138 1414 2176 su
1428 2135 1567 2175 eouvsuo.

1476 2293 1534 2394 ild
1556 2268 1700 2394 aegea»
1722 2322 1897 2394 paenam.

1191 2448 1336 2522 Caetera
1354 2449 1457 2518 turha
1474 2471 1539 2524 suo
1553 2471 1619 2540 pro
1636 2449 1792 2521 carmine
1808 2476 1956 2528 munera
1973 2462 2096 2550 poscit,
2129 2471 2136 2508 ²

1242 2551 1291 2622 Et·
1304 2553 1411 2640 gratis
1426 2573 1546 2619 versus
1562 2551 1715 2619 condere
1733 2577 1838 2624 nemo
1854 2559 1954 2633 solet.

1081 2741 1082 2744 Ἴ
1191 2651 1271 2724 Non
1288 2673 1350 2742 ego
1367 2673 1432 2744 pro
1450 2652 1568 2720 studio
1583 2655 1781 2723 mercedem
1799 2658 1890 2727 ferre
1909 2661 2045 2749 laboro,

1241 2755 1418 2828 Virtutem
1437 2754 1596 2848 precium
1609 2777 1693 2826 uam
1708 2757 1809 2828 decet
1826 2783 1899 2833 esse
1913 2764 1977 2836 sui.

1638 2943 1747 3017 Aliud.

1186 3071 1276 3146 Cum
1295 3085 1329 3142 te
1345 3071 1629 3168 versibus‘ornat
1648 3069 1714 3141 iste
1732 3087 1880 3160 coetus„
1971 3071 2015 3094 ²'
2085 3075 2089 3084 ⁴

1187 3161 1305 3268 Atque
1322 3199 1408 3244 auro
1424 3173 1570 3242 meliora
1586 3175 1819 3262 donamittit,
1856 3227 1859 3234 ·

1185 3273 1233 3347 Et
1250 3299 1339 3371 quae
1355 3265 1428 3344 non
1445 3277 1552 3359 ebur,
1577 3275 1802 3370 optimaeque
1819 3303 1955 3370 gemme

1187 3378 1358 3448 indorum
1377 3391 1561 3468 superent,
1588 3376 1654 3446 tibi
1672 3379 1809 3450 sodales

1185 3477 1321 3572 Optant
1339 3481 1495 3548 officium
1512 3503 1614 3548 suum
1631 3481 1788 3570 probari,

1183 3578 1231 3650 Et
1245 3595 1279 3651 te
1295 3579 1429 3650 Pierias
1446 3575 1714 3659 marchianas,

1185 3682 1286 3772 Quae
1301 3683 1447 3752 virtutis
1462 3683 1529 3752 iter
1542 3680 1659 3750 solent
1672 3683 1809 3765 docere,

1184 3784 1353 3877 Princeps
1371 3784 1504 3875 optime
1518 3796 1746 3853 commonent
1760 3785 1972 3878 frequentes.

1626 3973 1736 4041 Attud.

1183 4103 1280 4176 Turn
1295 4097 1385 4179 mihi
1402 4103 1494 4191 regis
1511 4104 1581 4174 eris
1597 4105 1742 4196 sceptris
1757 4118 1792 4176 et
1808 4103 1954 4174 nornine
1970 4104 2110 4197 dignus,

1233 4203 1282 4278 Et
1296 4200 1441 4274 Phoebo
1459 4229 1596 4275 sacrum
1612 4208 1674 4300 qui
1691 4209 1874 4278 moderere
1894 4230 2049 4299 gregem:

1182 4307 1274 4378 Cum
1297 4307 1416 4375 vinces
1440 4324 1579 4394 coetum
1602 4332 1813 4400 puerorum,
1844 4309 2004 4405 aliosque
2025 4311 2174 4398 sodales,

1234 4407 1391 4479 Pectoris
1408 4411 1560 4478 aeternis
1577 4411 1783 4504 ingeniique
1803 4411 1919 4484 bonis.

1183 4510 1287 4582 lrrita
1303 4526 1377 4580 tum
1395 4510 1479 4578 fient
1495 4525 1530 4581 et
1548 4535 1626 4602 spes
1642 4526 1677 4584 et
1693 4525 1774 4582 vota
1795 4514 1985 4597 bonorum,

1232 4611 1324 4685 Cum
1341 4615 1459 4705 potior
1473 4611 1589 4684 Musis
1603 4639 1665 4686 rex
1681 4615 1749 4684 tibi
1763 4614 1867 4688 luxus
1881 4613 1959 4688 erit.

1619 4803 1728 4872 Attod.

1181 4929 1318 5004 Multos
1332 4931 1501 5002 iubebant
1517 4929 1644 5002 Persae
1661 4932 1804 5020 regibus
1819 4929 1941 5000 oeulos

1181 5031 1315 5104 Adesse
1330 5035 1623 5126 morientiumque
1640 5037 1779 5104 turham
1797 5032 2001 5104 maximam.

1180 5135 1250 5206 Pro
1268 5149 1300 5204 te
1318 5157 1400 5222 ergo
1416 5159 1477 5204 rex
1492 5135 1614 5206 fideles
1629 5133 1791 5206 omnium
1807 5135 1983 5206 excubant

1179 5233 1309 5323 Oculi,
1332 5237 1438 5306 oflicii
1454 5236 1514 5328 qui
1533 5247 1567 5304 te
1579 5238 1773 5305 admonent
1789 5259 1894 5306 versu
1909 5237 1974 5312 tui.

1178 5339 1318 5412 Horum
1337 5337 1483 5409 monitis
1495 5337 1635 5409 curabis
1651 5351 1691 5410 ut
1707 5339 1933 5434 respondeas.
