4896 5974
149 225 226 306 soa
337 175 342 191 .
892 249 1232 334 oannnnnu
1281 263 1444 344 mni.
1603 249 1605 254 ’
1750 345 1753 351 .
2111 283 2188 373 ⁶06
2272 313 2320 337 -

148 401 289 476 luserat
301 418 336 478 et
349 411 470 501 pueris
484 416 628 506 pulcrae
645 419 790 494 virtutis
803 445 973 514 amorem,
1202 433 1270 522 No.
1286 433 1366 534 56.
1440 457 1443 464 ⁴
1753 451 1757 456 '
1844 460 1984 543 (fartam
1998 484 2044 526 en.
2061 465 2173 546 1525.)

201 503 302 596 Quos
316 518 577 590 commendavit
590 522 704 613 patria
718 520 823 598 chara
833 523 863 622 ²)
878 529 954 605 tibi.
1191 540 1360 566 Μ
1830 545 2200 600 κισ-νυ·
2275 541 2276 546 ’

144 605 187 680 Si
203 611 291 704 quid
305 636 405 703 ³g³m
420 617 569 708 mgna-‘³2
595 624 698 710 ViV⁰2
720 629 781 698 sed
795 629 892 701 lema
909 635 1073 724 gravedQ
1257 665 1289 720 lu
1302 665 1404 722 Secerii
1422 665 1523 738 farrag.
1537 677 1564 723 et
1579 669 1608 722 iu
1622 687 1686 742 opp.
1694 667 1759 726 Bes.
1776 669 1861 748 ¹1¹.V.
1878 690 1905 742 p.
1918 671 1979 728 est.
2015 671 2097 744 Apud
2111 671 2181 726 vtu-

199 710 281 783 Non
295 716 429 806 patitur
442 721 535 792 vires
549 748 676 817 corpus
690 723 819 801 habere
834 755 925 810 suas.
1132 833 1134 836 Ι
1290 747 1364 793 cent.
1381 755 1408 807 r·
1423 737 1481 793 118.

145 811 227 906 lpse
240 828 358 887 tamen
374 845 505 914 quaero
521 825 628 920 longo
644 830 768 902 solatia
783 837 923 922 morbo,

116 987 126 1000 ,,
196 914 464 1016 Assiduumque
478 927 577 1017 levo,
603 956 673 1026 qua
687 931 769 1005 licet
785 950 879 1020 arte,
906 940 1054 1016 malum.

142 1014 312 1114 Dumque
325 1046 410 1094 suos
426 1027 516 1099 alius
529 1057 654 1104 census
670 1059 867 1132 aurumque
882 1057 1061 1134 repostum
1166 1099 1170 1106 -
1186 1048 1226 1122 Si
1241 1063 1339 1121 vacat
1356 1051 1521 1142 exiguum
1535 1076 1737 1144 percurras,
1763 1052 1868 1140 Iona,
1895 1053 2070 1140 libellum,

194 1119 368 1197 Sollicitis
382 1129 509 1202 laelius
523 1149 702 1228 computat
718 1139 893 1212 articulis:
1235 1151 1319 1223 Non
1333 1156 1431 1244 longi
1447 1178 1592 1224 usuram
1605 1157 1773 1246 temporis
1789 1157 1850 1228 ille
1863 1156 1964 1230 feret,

140 1221 311 1320 Dumque
325 1229 463 1320 agitant
477 1235 538 1304 alii
553 1239 667 1310 multo
685 1243 848 1314 convivia
864 1241 1016 1334 Baccho,
1184 1252 1268 1324 Non
1283 1278 1360 1325 mea
1375 1269 1530 1326 mercato
1548 1257 1675 1327 viciata
1691 1259 1805 1329 oratio
1820 1260 1902 1330 suco
1917 1271 1979 1342 est,

193 1322 243 1398 Et
256 1329 321 1399 tali
339 1349 471 1424 cogunt
483 1339 529 1408 ad
543 1364 733 1412 numerum
749 1343 889 1418 bibere:
1235 1355 1466 1452 spectarique
1483 1383 1547 1430 suo
1564 1360 1660 1430 nuda
1675 1361 1794 1434 colare
1811 1361 1919 1452 cupit·

139 1425 244 1500 Fallo
259 1431 358 1502 domi
373 1459 502 1527 parvos
516 1432 610 1514 inter
621 1445 715 1514 mala
730 1448 847 1518 taedia
866 1451 1008 1539 amicos,
1183 1457 1270 1530 Pars
1286 1475 1337 1532 est
1352 1456 1438 1530 haec
1451 1461 1568 1531 laudis
1582 1463 1767 1554 quaedam,
1791 1487 1848 1532 me
1860 1463 1989 1540 iudice,
2014 1458 2177 1556 Namque

189 1527 238 1605 Et
251 1558 381 1626 pueros
395 1539 507 1628 inter,
533 1547 707 1634 carmine,
734 1547 839 1638 lane,
866 1577 975 1626 meos.
1235 1560 1274 1633 si
1291 1587 1360 1656 qua
1376 1558 1469 1631 nihil
1484 1563 1590 1632 facies
1606 1560 1692 1633 lona
1708 1565 1798 1651 olet,
1825 1560 1913 1636 haec
1928 1566 2019 1634 bene
2035 1563 2117 1682 olet.

137 1627 189 1702 Et
202 1637 342 1730 quoties
358 1639 448 1712 fidos
463 1647 617 1720 celebrat
633 1673 710 1719 mea
728 1649 834 1723 Musa
851 1656 1000 1742 sodales,
1183 1661 1254 1734 Sed
1273 1666 1303 1734 si
1317 1679 1438 1736 nostra
1454 1664 1522 1738 tibi
1535 1665 1702 1752 sordent,
1724 1667 1948 1760 formamque
1963 1689 2128 1785 requiris,

191 1733 237 1806 ln
252 1753 374 1812 nostro
388 1759 523 1836 partem
541 1750 698 1820 carmine
714 1748 820 1824 lanus
834 1751 954 1830 habet.
1239 1765 1340 1856 Quae
1356 1768 1446 1838 nitet
1463 1779 1629 1852 externo,
1654 1769 1881 1862 luxuriatque
1898 1763 2036 1840 habitu.
2077 1871 2086 1886 .

136 1833 249 1910 Plura
265 1864 328 1932 ego
346 1868 421 1916 non
436 1851 538 1938 potui
553 1853 624 1922 iam
641 1853 812 1942 scribere,
838 1853 936 1940 vive,
961 1861 1120 1955 valeque,
1181 1863 1231 1936 Et
1245 1869 1360 1960 legere
1374 1871 1440 1939 ista
1458 1869 1572 1961 piget,
1599 1869 1732 1940 librom
1748 1865 1838 1940 mihi
1853 1893 1982 1988 quaeso
1999 1883 2150 1953 temate,

191 1940 316 2038 Teque
331 1971 457 2039 l’f0001‘
471 1966 609 2040 vatem,
632 1950 795 2052 Christe.
818 1974 916 2031 luere
932 1975 1045 2038 tuum·
1234 1969 1470 2060 Quaerendus
1485 1973 1615 2054 lector,
1637 1973 1695 2044 cui
1710 1973 1910 2066 placeamus
1924 1985 2001 2042 errt.

1546 899 1606 972 Ad
1637 906 1819 1017 ⁸Ionon».

1192 2311 1259 2386 No.
1282 2309 1343 2387 57.
1478 2359 1482 2364 -
1832 2313 2162 2410 (sammaritae.)

137 2355 299 2484 Q
850 2387 927 2469 (nr.
941 2413 988 2458 an.
1007 2391 1117 2476 1525.)
1186 2407 1358 2438 w»
1817 2409 2174 2456 w

1249 2533 1282 2588 In
1301 2521 1538 2604 ferreq.'Secerii;'
1554 2547 1618 2603 opp.
1634 2530 1698 2586 Bas.
1711 2503 1744 2585 Τ.
1756 2527 1790 2585 V.
1805 2546 1832 2599 p.
1843 2527 1905 2584 stt.
1950 2521 2030 2596 Apud
2043 2519 2171 2578 vincent.

204 2583 392 2725 Aqqdnsgcer.
412 2597 439 2644 et
457 2589 488 2644 in
508 2610 574 2666 opp.
589 2595 785 2674 Bas.'1'.V.p.
800 2603 860 2662 ³⁵⁰.
901 2610 981 2680 Apud
999 2613 1126 2676 vincent.
1279 2602 1378 2674 9¹¹⁰&
1426 2645 1441 2671 s
1510 2673 1516 2681 .

143 2193 1133 2236 Ἣ

1412 2799 1415 2804 -
1542 2757 1603 2832 Ad
1634 2767 1804 2834 Ionum.

496 2821 556 2895 Aa
580 2826 763 2974 ‘sinim‘
903 2957 915 2969 .
1069 2887 1071 2892 ⁵
1177 2909 1350 2984 Adsertor
1367 2910 1487 3002 digitis
1502 2910 1633 2982 nostris
1648 2909 1716 2980 tibi
1731 2903 1894 3000 Epistola
1911 2900 2052 2994 scripta,

132 2962 385 3060 NullaVenus,
408 2975 503 3046 nulli
516 2993 599 3052 suut
613 2997 737 3055 nostro
752 2985 791 3056 in
807 2992 962 3064 carmine
976 3020 1125 3082 amores,
1229 3012 1347 3103 Quam
1362 3012 1485 3084 iuveni
1499 3013 1596 3086 misit
1611 3007 1725 3082 Thais
1739 3009 1850 3080 amica
1866 3030 1941 3078 ⁵¹¹⁰·

184 3065 301 3158 Quam
317 3099 458 3165 verm,
483 3104 529 3150 ¹¹⁰
544 3083 591 3154 Sil
606 3094 688 3157 ver&
704 3088 755 3160 ibi
771 3091 870 3164 nulla
888 3093 1023 3174 Venus·
1177 3113 1246 3188 Ista
1262 3117 1337 3206 lege
1351 3130 1469 3188 tamen
1483 3117 1598 3206 capies
1615 3112 1821 3186 suavissime
1835 3108 1935 3194 lona,

1089 3281 1090 3286 ,
1224 3216 1275 3289 Ut
1290 3218 1375 3290 latia
1390 3218 1497 3288 facias
1511 3213 1654 3288 Thaida
1671 3241 1755 3287 voce
1770 3213 1883 3308 loqui.

138 3275 1125 3372 Ἢ
1175 3317 1283 3393 Forte
1298 3321 1397 3390 nefas
1411 3319 1512 3396 ducis
1526 3344 1606 3391 curn
1623 3333 1738 3391 scorto
1754 3318 1879 3388 ludere
1895 3311 1998 3394 lona,

1225 3415 1329 3494 casn
1344 3423 1427 3516 quia
1444 3423 1483 3491 in
1498 3421 1639 3513 templis
1654 3445 1751 3492 sacra
1767 3421 1895 3490 docere
1911 3414 2014 3486 soles.
2137 3505 2147 3526 ·

144 3463 308 3594 Q
849 3499 1122 3638 Q
1174 3521 1288 3597 Crede
1304 3518 1417 3610 mihi,
1441 3524 1504 3593 illa
1518 3545 1656 3617 gregem
1674 3547 1756 3593 cum
1770 3519 1888 3612 pinxit
1901 3520 2004 3587 docta
2019 3507 2159 3606 Lycaei,

1224 3623 1279 3696 De
1295 3625 1415 3718 parvis
1426 3626 1554 3694 atomis
1570 3626 1634 3717 qui
1649 3623 1758 3714 impia
1776 3621 1867 3692 bella
1886 3629 2021 3688 movet:

200 3682 229 3738 tn
247 3685 349 3760 lamp.
363 3687 457 3752 secer.
476 3679 504 3750 ei
521 3693 550 3750 ta
568 3715 634 3772 app.
647 3663 709 3758 Bet·
722 3701 756 3759 Τ·
771 3703 804 3761 V·
816 3725 844 3780 p.
856 3707 918 3767 ⁵⁵⁰·
956 3715 1036 3786 ΛΡΜ
1051 3717 1122 3774 vtu-
1173 3727 1385 3800 Perstrinxit
1400 3728 1514 3798 fucata
1532 3727 1637 3797 etiarn
1652 3726 1780 3817 pietate
1794 3721 1991 3810 magistros·

222 3759 301 3814 ω’·
320 3778 349 3832 ⁹·
363 3761 422 3816 ¹¹⁷·
1224 3829 1349 3922 Turpe
1365 3831 1496 3924 quibus
1509 3828 1645 3900 faciunt
1659 3827 1804 3897 vendita
1820 3846 1917 3894 sacra
1933 3821 2084 3890 lucrum.

491 3925 550 3998 Aa
580 3933 750 4005 Ionam.
844 4023 849 4030 .

128 4063 293 4142 Carmina
310 4096 348 4143 es
360 4098 466 4146 ausus
481 4073 559 4148 heri
573 4083 677 4154 nohis
693 4089 900 4177 promittere
917 4095 1016 4190 lona,
1168 4127 1169 4130 ’
1195 4154 1228 4225 N
1273 4152 1322 4225 58
1890 4155 1970 4234 (far.
1984 4173 2032 4214 an.
2050 4147 2161 4229 tata.)

175 4170 327 4262 Qualia,
352 4177 384 4246 si
399 4195 541 4270 rumpat
555 4206 592 4253 se
607 4183 699 4258 Geta
708 4181 764 4278 ⁴³),
787 4195 886 4268 nulla
902 4201 996 4275 lacit.
1176 4181 1349 4282 νοέω
1884 4251 2154 4282 m

120 4271 191 4345 Sed
210 4299 304 4370 quae
319 4279 376 4348 vel
392 4280 550 4373 lepidum
568 4287 687 4360 deceat
703 4290 827 4366 lusisse
845 4295 1044 4396 Tibullum,
1239 4354 1271 4410 1,
1283 4353 1420 4430 farragine
1432 4359 1523 4414 s„„,
1537 4367 1564 4412 a
1575 4357 1604 4413 in
1617 4351 1756 4430 oppa-2.
1767 4353 1800 4410 Τ.
1811 4355 1846 4412 v.
1859 4372 1887 4426 p.
1899 4352 1961 4408 ssa.
1997 4349 2076 4422 Apud
2090 4347 2160 4400 vin·

172 4373 322 4466 Quaeve
337 4381 406 4452 sibi
421 4383 555 4456 Statius
570 4388 725 4464 vindicet
741 4395 803 4467 ille
818 4413 911 4477 tuus.
1271 4436 1343 4482 cent.
1358 4447 1385 4499 p.
1399 4427 1458 4484 107.
1959 4479 1961 4484 ·

117 4477 220 4550 Falle
236 4481 323 4554 licet
338 4509 483 4556 coenam
499 4491 638 4583 quoties
654 4497 872 4584 condixeris,
899 4505 958 4578 isti

168 4579 326 4654 Delitiae
342 4583 522 4660 stomacho
541 4597 758 4670 conveniunt
775 4600 925 4676 Siculae.
1460 4593 1507 4661 In
1531 4587 1682 4662 mmm
1706 4591 1864 4660 Ime'

117 4679 168 4756 Et
182 4709 264 4754 mea
280 4711 401 4762 mensa
416 4691 525 4762 salem
541 4707 692 4780 tantum,
718 4701 919 4800 siccumque
933 4714 1115 4788 cuminum

170 4785 370 4880 Proponit,
395 4809 518 4867 noster
531 4799 699 4893 quodque
713 4803 792 4875 olus
806 4802 932 4882 hortus
946 4807 1065 4893 habet.

122 4881 290 4961 Carmina
306 4916 381 4963 nou
396 4895 502 4968 liceat
517 4901 688 4992 promissa
704 4928 833 4997 negare
847 4914 973 5000 sodali,

170 4989 334 5088 Namque
348 4997 449 5070 decet
463 5014 558 5074 vates
573 5003 744 5094 candida,
770 5013 891 5106 crede,
918 5016 1014 5090 fides.

127 5139 329 5159 h—--··-——.

1165 4729 1261 4806 Huic
1275 4731 1381 4808 horto
1398 4743 1497 4814 cedet
1510 4741 1692 4834 Lipscnsis
1709 4742 1787 4810 iure
1803 4739 1943 4832 picena,

1216 4835 1384 4912 Carmine
1399 4867 1505 4936 quarn
1522 4835 1663 4917 Ruscus
1680 4842 1872 4914 nobilitare
1888 4837 2018 4909 studet.

1165 4936 1233 5010 Hic
1247 4943 1429 5031 gravidam
1446 4947 1561 5037 pomis
1577 4947 1699 5032 ficum,
1718 4945 1901 5036 lentosque
1919 4957 2113 5032 cupressos,

1214 5039 1416 5136 Purpureas
1428 5049 1559 5134 violas,
1582 5071 1687 5118 aurea
1702 5047 1796 5115 mala
1812 5043 1916 5136 parit.
1966 5144 1975 5162 ⁶

1162 5139 1305 5214 Caetera
1324 5148 1410 5239 quid
1427 5151 1593 5234 reseram,
1620 5149 1734 5238 largas
1749 5161 1875 5216 natura
1893 5146 2046 5234 benigne

157 5217 187 5280 ²)
204 5221 308 5286 mara]
323 5221 382 5278 ⁸²¹·
396 5241 474 5281 eura.
1211 5243 1324 5318 Ruris
1339 5273 1424 5340 opes
1439 5247 1543 5322 horto
1562 5250 1774 5343 divitiasque
1790 5247 1902 5320 dedit.

157 5301 504 5380 ”⁰²¹⁰]v³¹¹⁶·⁰“⁰’
531 5315 607 5386 ΨΜ
623 5315 843 5392 staffordiam,
862 5325 899 5407 θ’]
917 5325 1119 5402 ⁶⁶¹³¹¹¹⁸⁵¹³¹³·
1160 5341 1209 5418 Et
1221 5363 1318 5420 vates
1334 5352 1419 5422 colit
1433 5349 1530 5425 hunc
1548 5349 1656 5424 herus
1698 5351 1896 5446 invitatque
1912 5353 2127 5444 frequenter,

188 5385 338 5447 spectaret,
371 5380 445 5434 ande
470 5380 550 5436 lours
578 5393 692 5466 questus
716 5387 804 5444 luerat
824 5393 1018 5472 Wdebergam.
1063 5403 1118 5461 sed
1343 5453 1352 5470 ,
1662 5407 1696 5474 ',

188 5443 318 5516 Pffls‘w
332 5446 420 5514 θεία.
437 5459 464 5504 et
478 5449 555 5506 Geta
567 5453 743 5514 sidereum
755 5477 836 5516 error
849 5471 1023 5542 typographi.
1208 5445 1243 5521 E
1257 5451 1376 5526 mecho
1394 5456 1514 5528 doctas
1529 5452 1599 5528 huc
1613 5453 1787 5528 Helrcone
1802 5453 1905 5529 Deae.
