4896 5974
96 228 182 313 625
843 225 1170 312 CARMlNUM
1219 229 1329 307 LIB.
1352 231 1408 311 ll.
1543 259 1547 266 ·
2066 233 2141 312 528

97 403 142 480 Ο
158 427 225 497 ego
242 425 330 500 quas
344 402 460 475 dicam
475 415 590 496 gates
604 403 673 478 tibi
687 404 840 498 maxime
853 424 975 476 rerum

97 508 285 582 Conditor
297 505 512 594 immensum
526 506 609 602 quia
624 507 695 578 late
709 505 843 598 spargis
860 507 899 576 in
915 505 1040 576 orbem

96 610 231 684 Nostri
242 606 429 700 Evangelii
444 609 596 680 demissa
609 610 753 680 oracula
767 599 877 679 c'oelo.

95 713 370 806 Doctrinaeque
383 725 465 782 tuae
480 712 600 804 parvis
618 712 680 782 das
692 712 785 781 serre
795 707 952 782 Colossis

97 814 263 888 Munera
276 825 317 884 ut
330 812 370 882 in
385 813 479 884 clara
492 814 629 906 possint
643 828 677 886 te
691 813 770 884 luce
785 812 919 899 videre,

97 915 152 992 Et
166 928 329 988 metuant
342 915 440 987 vitiis
456 927 491 987 te
505 915 636 987 nostris
651 915 750 988 triste
764 915 959 984 minantem

98 1018 331 1112 Supplicium
348 1030 384 1089 et
395 1018 555 1106 bonitate
570 1032 630 1092 tua
643 1019 820 1089 confidere
835 1015 984 1100 discant,

97 1120 151 1194 Et
166 1115 306 1193 Christi
320 1119 456 1190 meritis
467 1119 644 1213 placatum
658 1121 807 1210 diligere
823 1119 954 1202 ausint,

97 1221 330 1316 Defendique
343 1222 487 1316 regique
504 1236 566 1293 tuo
583 1245 620 1292 se
635 1223 784 1292 numine
798 1221 956 1300 credant,

97 1323 151 1398 Et
167 1338 299 1396 certam
314 1324 407 1394 vitae
423 1324 581 1394 melioris
595 1315 800 1416 concipiant
813 1343 924 1414 spem,

98 1425 151 1502 Et
169 1439 263 1498 casto
276 1425 348 1496 sibi
363 1425 513 1520 quisque
528 1425 622 1504 alios,
631 1426 835 1518 complexus
851 1445 983 1505 amore,

1150 401 1385 476 Proximased
1394 400 1517 491 virtus,
1526 399 1826 492 bomineseolere,
1835 407 2141 502 atqueiurareest,

1200 504 1250 577 Et
1264 501 1447 578 Christum
1463 507 1566 578 castis
1580 507 1740 580 moribus
1755 509 1962 602 exprimere.

1149 604 1257 678 Hunc
1269 609 1473 704 quicunque
1484 605 1721 700 scopumnon
1735 611 1850 702 attigit
1862 612 1995 705 optime
2009 623 2124 704 gnate,

1198 707 1259 780 Nil
1274 725 1413 802 praeter
1429 735 1540 803 nugas
1553 712 1615 780 ille
1630 714 1755 783 docere
1771 727 1897 805 potest.
2183 707 2185 710 ’

1150 807 1215 881 llle
1227 802 1345 882 Deum
1359 813 1490 884 nostris
1504 813 1617 883 oculis
1631 838 1706 884 non
1720 829 1910 902 monstrat,
1934 827 1970 887 et
1981 835 2058 886 esse
2201 829 2205 834 “

1201 909 1244 982 ln
1258 915 1357 984 coelo
1373 915 1478 986 uobis
1492 931 1659 1008 pernegat
1674 917 1733 987 ille
1749 930 1897 1008 patrem.

1147 1010 1196 1086 Et
1212 1015 1350 1088 miseris
1364 1017 1495 1087 animis
1510 1018 1634 1088 solatia
1649 1019 1750 1089 nulla
1764 1019 1947 1116 relinquit,

1197 1113 1316 1188 Corda
1328 1115 1398 1188 Dei
1410 1120 1521 1190 verbo
1533 1143 1608 1190 non
1624 1120 1715 1192 levat
1730 1121 1792 1190 ille
1806 1121 1921 1206 malis.

1146 1213 1228 1290 Non
1246 1219 1339 1290 vires
1354 1233 1477 1292 contra
1493 1220 1679 1306 Salonam,
1705 1246 1779 1292 non
1795 1246 1893 1294 arma
1908 1221 2099 1308 ministrat,

1197 1319 1362 1415 Denique
1376 1323 1409 1391 ei
1425 1336 1520 1395 totus
1535 1323 1654 1393 sabula
1670 1319 1834 1395 Christus
1846 1323 1925 1396 erit.

1147 1418 1181 1492 A
1194 1418 1337 1494 Christo
1352 1439 1491 1495 revocat
1504 1439 1641 1494 mentes
1654 1439 1690 1496 et
1703 1427 1835 1517 lingere
1849 1449 1975 1514 mores,

99 1528 289 1602 Omnibus
303 1527 430 1597 officiis
444 1527 530 1617 liget
538 1523 579 1622 ¹):
603 1523 653 1598 Et
666 1550 757 1622 quae
767 1539 901 1596 caetera
910 1517 1096 1618 Epaphras
1198 1523 1347 1596 Viribus
1360 1521 1524 1595 humanis
1541 1527 1577 1594 id
1593 1528 1676 1596 satis
1689 1551 1763 1598 esse
1778 1529 1893 1602 docet.

100 1631 173 1704 llle
188 1653 289 1701 meus
302 1628 441 1714 docuit,
466 1631 528 1700 sed
542 1644 583 1700 tu
597 1641 699 1722 pater
711 1627 845 1720 optime
857 1651 977 1698 rerum

99 1731 296 1826 Adspires,
322 1744 357 1802 et
370 1725 487 1802 adhuc
501 1731 661 1802 infirmas
679 1724 833 1822 provehe
847 1727 955 1814 vires,

99 1834 151 1909 Et
168 1834 299 1906 teneris
312 1835 465 1905 concede
479 1833 610 1902 animis
626 1831 844 1914 adolescere,
869 1851 1012 1924 quaeso.

101 1935 140 2010 O
155 1949 306 2031 pateret
318 1959 446 2027 parvos
461 1935 604 2006 coelesti
618 1957 686 2028 ope
697 1954 802 2026 perge
816 1931 938 2002 lovere

101 2039 305 2134 Segniaque
319 2039 488 2108 accendas
503 2037 629 2108 divino
642 2035 791 2106 numine
806 2034 927 2116 corda,

101 2139 154 2216 Ut
171 2143 311 2214 discant
324 2131 447 2210 oculos
462 2139 501 2208 in
516 2153 550 2214 te
566 2140 716 2228 deligere
729 2135 872 2222 mentis,

1145 1621 1242 1716 Ergo
1257 1641 1359 1716 urget
1371 1628 1484 1717 legens
1500 1641 1535 1698 et
1549 1629 1690 1698 servilia
1706 1629 1828 1700 munia
1840 1629 1965 1722 poscit,

1196 1725 1280 1799 Non
1294 1752 1385 1800 onus
1402 1726 1469 1808 hoc
1484 1723 1619 1800 Christi
1636 1732 1770 1802 mentio
1786 1746 1882 1820 grata
1895 1733 2003 1802 levat.

1146 1823 1195 1902 Et
1205 1843 1375 1926 tanquam
1390 1831 1516 1900 faciem
1529 1831 1727 1902 redientem
1743 1831 1844 1902 Mose
1858 1835 2009 1936 tegebat,

1080 1966 1086 1970 ·
1196 1929 1271 2002 Nec
1285 1933 1403 2024 potuit
1416 1933 1530 2003 lucem
1546 1934 1650 2005 turba
1668 1934 1788 2004 videre
1800 1931 1880 2006 Dei.

1145 2033 1212 2104 llle
1227 2035 1331 2104 ctiam
1349 2035 1501 2104 infirmis
1514 2035 1627 2106 oculis
1642 2050 1675 2106 te
1690 2033 1793 2106 Mose
1807 2049 1936 2122 tuetur,

1115 2177 1117 2184 ·
1197 2134 1316 2229 Atque
1331 2133 1448 2208 Deum
1466 2149 1554 2208 tecta
1568 2137 1644 2227 lege
1656 2137 1777 2208 videre
1790 2137 1926 2231 nequit.

100 2242 153 2318 Et
168 2243 290 2336 magni
306 2254 505 2312 assuescant
519 2240 666 2334 propius
680 2240 754 2308 vim
771 2259 915 2309 eernere
927 2233 1070 2308 amoris.
1145 2235 1229 2334 Nou
1243 2261 1307 2327 ego
1321 2236 1398 2327 lege
1410 2237 1494 2308 volo
1509 2240 1600 2308 male
1615 2239 1726 2309 libera
1743 2254 1884 2331 pectora
1897 2239 2000 2324 solvi,

104 2345 190 2436 Quo
204 2369 271 2416 nos
285 2343 347 2438 qui
359 2339 698 2414 colimusChristum
710 2340 951 2432 complectere,
977 2349 1013 2410 et
1023 2358 1097 2406 esse
1196 2341 1267 2409 Ista
1282 2341 1374 2408 feras
1390 2353 1525 2410 mentes
1543 2339 1804 2433 indomitasque
1819 2341 1922 2430 regit·

103 2447 179 2520 Nos
195 2469 299 2520 curae
314 2445 381 2518 tibi
396 2445 628 2538 perspiciant,
651 2456 855 2536 certentque
869 2439 1025 2509 vicissim

102 2550 182 2622 lam
197 2571 316 2620 mores
330 2547 397 2620 tibi
411 2560 543 2630 castos,
568 2561 675 2641 atque
692 2566 865 2638 reponere
878 2541 969 2613 facta

1145 2437 1189 2510 Et
1209 2441 1316 2512 iubeo
1332 2454 1490 2512 sanctam
1506 2442 1638 2532 legem,
1662 2445 1723 2512 sed
1740 2443 1806 2513 rite
1821 2442 1952 2528 doceri,

1197 2540 1368 2628 Somnia,
1392 2567 1467 2614 non
1479 2543 1597 2634 legem
1614 2543 1768 2635 plurima
1784 2545 1907 2628 turba,
1933 2547 2047 2618 docet.

102 2651 221 2744 Digna
229 2647 440 2740 Evangelio,
465 2663 573 2744 atque
586 2649 723 2746 aliquas
733 2642 962 2716 reseranttibi
973 2655 1097 2733 grates,
1146 2641 1242 2734 Lege
1255 2647 1361 2714 rudes
1375 2647 1514 2714 animos
1529 2646 1671 2716 coelesti
1688 2669 1883 2718 assuescere
1898 2647 2001 2718 iussit

103 2753 415 2846 Contemnantque
430 2751 546 2822 minas
563 2749 698 2844 ingenti
712 2761 853 2840 pectore
867 2744 1005 2830 mundi,

103 2854 152 2928 Et
168 2868 312 2949 sperent
326 2857 448 2924 dextra
464 2853 609 2924 defendi
625 2873 727 2946 posse
745 2861 904 2941 paterna,

104 2959 166 3032 Sic
178 2955 367 3052 Evangelii
383 2967 505 3047 surgat
517 2979 614 3048 seges
629 2976 734 3027 aurea
751 2950 885 3034 nostri,
910 2959 977 3019 etc.

119 3293 184 3365 No.
199 3293 262 3367 86.

112 3387 283 3422 w

171 3510 204 3566 la
216 3527 281 3584 opp.
294 3503 379 3563 nott.
389 3502 425 3561 Τ.
436 3502 468 3560 V.
484 3521 512 3576 p.
520 3501 574 3558 M?
585 3519 647 3575 sqq.
658 3507 686 3555 et
698 3497 865 3574 apudl'iuc.
883 3517 911 3573 p.
920 3499 973 3556 stt
983 3515 1045 3572 sqq.

271 3671 444 3744 rumen
465 3669 583 3758 caput
604 3619 669 3734 od*
682 3655 926 3732 Timotheum.

107 3819 259 3918 Exoptat
274 3819 410 3894 Paulus
424 3819 489 3890 tibi
507 3840 646 3889 summo
663 3837 683 3884 a
697 3825 796 3904 patre
814 3811 977 3894 salntem,

156 3925 238 3998 Non
254 3923 361 3996 cassis
376 3921 470 3992 votis
483 3920 634 3990 candide
651 3909 852 3987 Timothec.

110 4025 251 4100 lninnxi
265 4025 431 4096 mandata
449 4021 515 4096 tibi
532 4045 620 4114 puer
634 4017 786 4112 optime,
811 4017 955 4112 quando

156 4127 210 4202 Er
222 4121 367 4224 Epheso
382 4123 574 4196 Macedum
590 4137 681 4193 terra
697 4120 847 4210 petenda
862 4114 942 4192 suit.

110 4227 155 4304 Ut
171 4247 292 4304 nostra
307 4229 448 4300 studeas
466 4248 584 4296 arcere
598 4247 618 4294 a
633 4223 737 4315 plebe
754 4217 958 4312 Magistros,

157 4333 258 4425 Quos
273 4333 388 4402 lamae
403 4323 497 4420 cogit
510 4327 595 4397 falsa
611 4327 738 4396 docere
753 4321 841 4396 sitis.

109 4431 201 4508 llaec
218 4447 335 4506 autem
354 4432 514 4504 sarienda
532 4430 600 4521 piis
615 4424 794 4520 praecepit
808 4421 917 4508 Iesus,

156 4535 309 4609 Acribus
322 4531 409 4606 haec
423 4532 551 4605 studiis
567 4531 715 4600 iusserat
729 4527 791 4596 ille
804 4526 887 4616 peti.

107 4636 155 4714 Ut
168 4635 262 4710 nihil
277 4637 465 4709 addubites
479 4657 583 4706 curae
597 4653 663 4702 nos
679 4651 752 4700 esse
766 4625 916 4719 parenti,

155 4741 231 4832 Qui
245 4755 346 4812 vocat
361 4734 459 4809 hunc
475 4761 560 4807 vero
576 4747 735 4827 pectore,
760 4729 869 4801 sentit
882 4751 996 4826 opem.

107 4841 170 4915 llle
184 4845 260 4915 luet
271 4843 381 4914 iustas
395 4863 546 4933 poenas,
573 4837 635 4931 qui
649 4855 783 4904 numen
799 4827 879 4902 lesu

154 4945 237 5016 Non
252 4944 355 5029 colit,
381 4957 416 5014 et
429 4943 577 5013 miseros
594 4937 685 5008 velle
699 4935 821 5004 iuvare
838 4947 953 5024 negat.

104 5045 169 5122 llla
184 5047 255 5119 sibi
270 5047 415 5116 demum
433 5067 533 5116 mens
547 5055 598 5113 cst
613 5041 704 5110 bene
721 5034 880 5120 conscia,
906 5035 986 5108 fidit

153 5148 256 5240 Quae
272 5147 432 5220 bonitate
446 5143 536 5232 Dei,
560 5165 650 5240 qnae
665 5138 859 5232 metuitque
874 5131 1048 5236 minas').

103 5288 300 5306 0*-

17 5391 20 5404 ‚
135 5346 268 5414 illiget]
286 5359 342 5398 non
361 5339 442 5394 lubet
458 5337 563 5394 basiis

18 5439 20 5494 ρ
134 5435 162 5500 ο)
179 5429 242 5486 Ba,
258 5442 386 5498 quaeque
403 5425 498 5480 mim
515 5421 625 5477 metuit.

1198 2732 1353 2816 Servitio
1370 2759 1406 2816 et
1420 2747 1514 2818 flecti
1529 2747 1641 2818 ferrea
1656 2748 1762 2818 corda
1777 2745 1885 2818 Deus.

1148 2844 1244 2917 Dum
1261 2847 1388 2917 melior
1403 2861 1538 2920 mentes
1553 2848 1684 2920 alllarit
1698 2847 1856 2940 Spiritus
1870 2849 1941 2934 ille,

1198 2945 1281 3018 Non
1294 2949 1473 3043 dubiaque
1488 2950 1572 3020 lacit
1587 2973 1729 3020 cernere
1745 2951 1822 3018 lnce
1836 2947 1964 3022 Deum

1147 3049 1276 3122 Nonne
1291 3050 1405 3122 minas
1420 3051 1522 3122 audis
1539 3065 1572 3122 et
1587 3075 1732 3142 magnae
1745 3051 1897 3122 fulmina
1912 3053 2009 3122 vocis

1198 3151 1253 3222 De
1267 3150 1353 3222 Sina
1368 3153 1520 3226 intentat
1533 3175 1623 3248 quae
1638 3155 1704 3226 tibi
1719 3177 1806 3246 rupe
1825 3151 1970 3224 necem?

872 3289 940 3371 (m.
958 3287 1051 3352 1527·
1060 3277 1096 3376 p)
1138 3249 1252 3330 .lrrita
1269 3256 1371 3324 crede
1386 3255 1501 3326 serent
1518 3279 1593 3325 non
1609 3249 1694 3325 haec
1710 3255 1852 3325 oracula
1868 3255 1978 3339 venti,

878 3383 1092 3418 sewu
1198 3355 1281 3426 Non
1295 3349 1380 3452 hinc
1394 3379 1525 3448 parvus
1538 3379 1643 3448 apex,
1668 3371 1730 3428 aut
1742 3357 1935 3449 breveiota
1950 3357 2052 3448 perit.
2149 3435 2153 3442 ,
2175 3394 2179 3401 ·

1148 3457 1266 3548 thue
1280 3452 1377 3526 Deus
1390 3459 1494 3528 vituli
1510 3459 1663 3527 cultores
1678 3459 1832 3548 perdidit
1844 3458 1942 3540 olim,

1197 3553 1246 3628 Et
1261 3559 1402 3627 turbam
1420 3559 1565 3627 infidam
1582 3559 1744 3650 protinus
1760 3560 1841 3648 igne
1857 3573 1976 3630 necat:

1148 3659 1208 3734 Sic
1223 3659 1318 3729 vitiis
1332 3661 1436 3730 etiarn
1453 3659 1583 3730 nostris
1598 3661 1775 3743 irascitur,
1802 3671 1908 3752 atque

1200 3761 1348 3832 Freuari
1362 3774 1498 3831 mentes
1511 3761 1587 3850 lege
1601 3775 1767 3854 metuque
1782 3759 1890 3832 iubet.

1147 3862 1316 3934 Lascivae
1330 3861 1426 3934 Deus
1444 3857 1529 3932 haec
1543 3862 1664 3931 iniecit
1679 3861 1821 3932 vincula
1836 3859 1945 3948 carni,

1198 3962 1382 4054 Deprimat
1398 3975 1439 4036 ut
1455 3963 1549 4035 tristi
1563 3963 1654 4034 colla
1669 3964 1819 4056 superba
1836 3962 1931 4054 iugo.

1148 4065 1302 4137 Addidit
1315 4089 1503 4138 aerumnas
1517 4064 1654 4156 generis
1668 4065 1761 4134 mala
1777 4065 1930 4158 plurima
1947 4065 2073 4149 nostri,

1198 4164 1440 4261 Custodesque
1457 4168 1543 4239 istos
1558 4168 1705 4238 carceris
1722 4189 1795 4236 esse
1809 4167 1918 4238 dedit.

1147 4263 1198 4340 At
1215 4269 1345 4362 quibus
1361 4271 1501 4340 incusso
1517 4281 1689 4339 monstrat
1705 4269 1832 4340 delicta
1850 4293 1994 4360 pavore,

1198 4365 1245 4440 Et
1262 4370 1317 4439 lex
1334 4370 1373 4438 in
1388 4393 1513 4464 quassa
1528 4371 1676 4440 vulnera
1690 4384 1807 4442 mente
1819 4371 1914 4444 facit.

1148 4470 1299 4543 Talibus
1314 4495 1354 4541 ex
1369 4469 1566 4563 Evangelio
1580 4473 1753 4542 medicina
1768 4473 1919 4564 petenda
1936 4485 1998 4556 est,
2045 4523 2049 4532 .

1199 4570 1378 4644 Admovet
1395 4569 1451 4642 his
1469 4573 1641 4643 medicam
1657 4569 1821 4644 Christus
1835 4565 1870 4644 et
1884 4573 1958 4664 ipse
1976 4595 2135 4643 manum.

1147 4671 1337 4746 Condonat
1352 4675 1493 4768 culpam
1510 4689 1544 4746 et
1561 4673 1686 4745 solatia
1704 4677 1814 4745 multa
1828 4675 2016 4756 malorum,

1197 4773 1299 4870 Eque
1314 4801 1378 4847 suo
1392 4777 1546 4848 effundit
1561 4777 1688 4868 gaudia
1701 4801 1784 4847 vera
1801 4775 1894 4850 sinu.

1147 4873 1303 4969 Spiritus
1318 4879 1379 4948 ille
1395 4879 1500 4950 etiarn
1518 4879 1627 4970 patris
1641 4880 1803 4970 delapsus
1817 4877 1862 4946 ab
1877 4899 1949 4960 ore,

1199 4977 1321 5052 lnduit
1337 4994 1442 5074 atque
1456 4981 1566 5070 agitat
1583 4981 1729 5050 numine
1744 4979 1850 5048 corda
1866 5001 1971 5046 novo.

1148 5073 1266 5176 thue
1280 5081 1369 5151 solet
1385 5097 1525 5152 teneros
1541 5081 1664 5152 oculos
1680 5079 1820 5149 munire
1836 5079 1963 5166 viator,

1196 5181 1231 5253 A
1246 5193 1424 5276 patrenus
1439 5207 1577 5272 summo
1589 5181 1639 5252 sic
1653 5183 1756 5250 docet
1770 5179 1832 5249 ille
1846 5181 1932 5272 regi.

1142 5279 1438 5378 Languentesque
1452 5285 1591 5354 animos
1604 5296 1744 5351 nostros
1757 5282 1902 5368 invitat,
1926 5297 1967 5360 ut
1979 5283 2097 5358 ausint
2242 5327 2247 5338 ·

1196 5385 1347 5480 Sperare
1360 5385 1400 5456 in
1416 5383 1544 5458 mediis
1558 5405 1692 5456 numen
1704 5385 1826 5461 adesse
1840 5385 1954 5463 malis.
