4866 5990
2054 179 2127 292 rso

102 209 172 285 185
472 213 726 294 SCRIPTA
757 217 836 292 AD
869 211 1065 290 VlTAM
1093 213 1168 290 ET
1203 207 1440 292 OBITUM
1458 203 1767 297 MELANTH.

100 379 142 456 tis
156 381 236 470 soit,
264 381 320 454 vix
338 407 476 476 sperare
491 389 859 484 ampliospossomust
885 391 1085 462 tamendu-
1136 413 1215 460 rum
1237 373 1474 462 Ecclesiarum
1499 385 1681 480 Augustae
1704 387 1862 462 exhibita
1889 411 1984 458 anno
2016 379 2129 472 1680,

98 485 207 557 bitare
235 510 310 556 nou
335 489 521 575 debemus,
547 495 635 588 quin
651 491 747 563 Deus
768 495 872 562 etiam
890 517 954 583 per
970 493 1085 562 imbe-
1136 505 1170 560 ct
1193 491 1300 560 simul
1321 491 1427 561 etiam
1448 491 1599 561 aliarum
1613 494 1774 563 omnium
1791 491 2127 586 professionumar-

103 589 189 658 cilles
209 601 246 656 ct
271 590 389 658 miuus
411 605 556 664 ornatos
572 596 679 666 tantis
696 597 818 680 donis,
844 593 963 666 ellicax
985 595 1083 664 fusn-
1135 593 1186 661 tei
1204 593 1355 662 lideliter
1370 605 1404 662 et
1420 593 1555 662 sincere
1574 595 1674 690 quasi
1698 619 1761 686 per
1781 617 1908 664 manus
1932 593 2124 671 tradamus,

105 713 159 760 rus
176 689 237 772 sit,
271 689 302 758 si
330 715 396 760 uos
420 696 532 784 nostri
557 698 663 768 officii
690 721 880 782 memores,
911 709 1082 786 utsupra
1135 705 1169 764 et
1195 693 1418 785 disciplinam
1444 709 1623 776 tueamur,
1665 711 1798 789 quanta
1824 715 2013 788 possumus
2038 691 2125 761 dili-

107 793 223 862 dictum
247 806 323 877 est,
357 788 444 864 haec
466 797 559 866 dona
580 799 740 870 coelestia
767 798 974 868 ardentibus
990 797 1082 866 votis
1133 795 1262 884 gentis,
1279 803 1377 888 'quae
1392 796 1535 888 quidem
1549 785 1690 866 facilius
1705 799 1778 886 regi
1796 796 1939 888 poterit,
1966 795 2006 880 si,
2028 793 2125 886 quod

100 906 247 986 petemus
283 918 302 962 a
337 895 411 964 lilio
445 894 511 971 Dei
545 917 732 990 regnante,
773 914 807 972 et
843 899 1080 968 ministerium
1133 898 1368 966 necessarium
1385 897 1464 982 erit,
1488 897 1654 968 iuventus
1668 921 1705 968 se
1721 899 1861 970 facilem
1877 911 1912 969 ct
1924 899 2126 987 obsequen·

101 991 276 1083 Evangelii
292 1019 352 1064 sua
368 1001 524 1087 potentia
540 1015 780 1076 conservante.
830 999 1080 1070 Necdnbitare
1132 1013 1203 1068 tem
1238 999 1395 1088 paternis
1427 999 1733 1070 admonitionibus
1764 1000 1897 1070 nostris
1929 997 2125 1092 praebebit,
2198 1016 2199 1025 ¹

101 1096 190 1167 stiam
207 1097 253 1164 de
268 1093 337 1166 hoc
352 1099 540 1191 debemus,
566 1104 654 1174 sicut
671 1104 844 1194 plurimos
859 1101 999 1194 pictate,
1025 1123 1080 1168 sa·
1132 1100 1228 1192 qnod
1253 1101 1400 1170 omnino
1422 1100 1526 1169 faciet
1551 1123 1591 1170 eo
1616 1103 1722 1172 etiarn
1742 1099 1953 1185 studiosius,
1992 1109 2032 1168 ut
2056 1091 2124 1168 hac

100 1197 229 1288 pientia,
255 1199 390 1268 virtute
406 1215 441 1272 et
455 1204 614 1272 ‹lectrina
631 1217 846 1296 praestantes
861 1204 956 1271 viros
971 1225 1080 1292 agno·
1131 1202 1205 1292 ipsa
1220 1223 1361 1269 morum
1377 1201 1623 1272 emendatione
1640 1216 1674 1274 et
1688 1205 1860 1274 modestia
1876 1215 1911 1270 et
1927 1201 1966 1269 in
1983 1199 2124 1268 discen-

100 1313 218 1370 sccntes
234 1297 306 1368 Dei
324 1301 491 1372 beneficia
506 1327 569 1396 per
584 1299 681 1410 bunc
698 1321 858 1374 nostrum
876 1318 1080 1395 praecepto-
1130 1306 1177 1372 do
1201 1301 1405 1372 assiduitate
1428 1313 1592 1388 testetur,
1625 1329 1662 1374 se
1687 1305 1790 1376 obitu
1811 1305 1938 1374 talium
1960 1299 2122 1370 virorum

100 1423 162 1470 rem
174 1397 356 1470 Ecclesiae
381 1405 525 1491 collata,
550 1421 583 1477 ct
603 1409 827 1478 aestimantes
847 1407 972 1476 merita
989 1405 1024 1473 in
1043 1428 1079 1472 se
1130 1403 1321 1472 immaturo
1345 1417 1514 1496 tanquam
1539 1405 1642 1494 signo
1662 1397 1735 1476 irae
1760 1405 1901 1476 divinae
1914 1404 2009 1472 serio
2023 1423 2121 1472 eterra-¹

101 1517 128 1573 et
140 1503 224 1570 alios
240 1505 378 1574 multos
393 1507 559 1596 privatim
573 1511 746 1599 prolecta,
780 1504 950 1578 babemus
967 1505 1079 1598 parti·
1129 1507 1278 1589 ruoveri,
1296 1502 1450 1574 etDeom
1465 1507 1632 1578 ardenter
1647 1507 1823 1593 invocare,
1837 1520 1879 1578 ut
1894 1505 2120 1574 imminentes

100 1604 179 1695 cipes
201 1599 313 1674 buius
335 1608 448 1677 nostri
469 1611 585 1697 gravis
608 1612 742 1694 luctus,
762 1610 832 1706 ,qui
849 1609 940 1678 serio
957 1609 1079 1677 dolent
1130 1609 1342 1676 calamitates
1356 1605 1514 1696 publicas
1523 1607 1713 1678 clementer
1729 1610 1877 1699 mitiget,
1889 1608 1925 1676 id
1943 1605 2039 1700 quod
2055 1625 2121 1674 au·

100 1705 136 1773 de
156 1707 349 1774 necessaria
376 1711 540 1800 qrridem,
572 1725 611 1780 ut
635 1709 791 1783 bominis
816 1710 990 1789 mortalis,
1017 1709 1076 1777 sed
1129 1709 1234 1778 diunt
1251 1731 1354 1776 sunm
1373 1721 1631 1798 praeceptorem
1647 1704 2061 1800 DominumPhilippum
2081 1704 2121 1774 in

101 1807 190 1874 nobis
209 1821 330 1876 tamen
354 1822 387 1876 et
402 1807 579 1882 Ecclesiae
592 1815 778 1882 immatura
794 1825 827 1891 et
842 1833 1076 1902 praepropera
1129 1811 1204 1900 ipso
1228 1831 1339 1898 agone
1358 1809 1471 1898 tnagis
1492 1810 1536 1878 de
1549 1806 1707 1878 Ecclesia
1729 1824 1763 1881 ct
1777 1807 1970 1880 Academia
1987 1831 2028 1878 ae
2043 1815 2119 1878 toto

105 1907 316 1996 unigratione
345 1905 454 1980 buius
479 1914 642 1983 salutaris
663 1913 847 1985 Doctoris:
886 1913 974 2004 quin
1000 1933 1076 1980 eos·
1129 1925 1230 1980 coetu
1248 1909 1461 1980 discentium
1480 1933 1585 2003 quam
1612 1912 1739 1980 desua
1761 1907 1876 1981 morte
1896 1924 2118 1980 outsuorom

105 2009 175 2075 dem
198 2010 298 2079 etiam
323 2005 432 2080 huius
455 2015 667 2104 precationis
689 2009 1076 2085 nostraesimushabi·
1128 2012 1280 2082 orbitate
1298 2009 1510 2096 sollicitum,
1545 2003 1665 2082 crebra
1687 2011 1968 2101 ingeminatione
1988 2009 2120 2080 arden-s

104 2111 307 2194 tonsorios,
339 2114 526 2186 nobiscum
550 2131 734 2206 rogaturos
755 2115 870 2186 Deum
893 2128 1075 2184 aeternum
1127 2115 1216 2183 tium
1246 2127 1410 2184 votorum
1433 2113 1573 2199 secisse,
1602 2111 1661 2184 cui
1682 2136 1750 2214 pro
1773 2113 1921 2182 infinitis
1944 2111 2117 2190 bonitate,

99 2225 220 2300 patrem
242 2213 382 2281 domiui
399 2217 511 2286 nostri
529 2215 607 2287 lesu
623 2215 775 2304 Christi,
800 2224 845 2286 ut'
858 2212 948 2286 banc
961 2211 1076 2286 Sebu-
1125 2215 1760 2304 magnitudineetuumerobeneliciis
1774 2210 1842 2285 hoc
1853 2227 2068 2306 postremum
2083 2223 2117 2284 et

99 2311 157 2381 lam
179 2327 215 2382 et
230 2311 449 2401 Ecclesiam,
475 2341 565 2410 quae
586 2321 719 2390 multos
741 2315 854 2388 annos
869 2317 989 2386 sedula
1005 2316 1076 2385 fuit
1127 2317 1213 2400 vile,
1239 2317 1297 2386 sed
1322 2317 1419 2405 pinm
1434 2329 1552 2384 tamen
1567 2315 1722 2386 officium
1738 2331 1974 2407 praestemus,
1999 2327 2040 2382 ut
2059 2313 2117 2382 lu·

99 2414 261 2483 nutricula
287 2429 322 2485 et
348 2417 484 2488 deletrix
504 2419 739 2510 plurimorum
757 2423 826 2488 iam
843 2420 978 2488 utiliter
995 2407 1075 2506 pas·
1127 2439 1195 2486 nus
1215 2421 1288 2486 eius
1311 2419 1355 2484 ad
1380 2417 1496 2485 locum
1514 2417 1716 2506 sepulturae
1732 2419 1945 2487 destinatum
1962 2417 2115 2485 deduca-

96 2514 153 2581 sim
174 2511 469 2607 Rebuspnblicis,
508 2517 649 2592 Scholis
671 2535 702 2591 et
724 2519 893 2592 Ecclesiis
916 2519 1074 2588 servien-
1125 2540 1222 2604 mus,
1248 2513 1315 2586 bac
1329 2517 1530 2588 obedientia
1547 2531 1730 2602 testantes,
1756 2541 1822 2587 nos
1837 2531 1875 2587 et
1890 2529 2114 2608 acceptorum

98 2616 198 2700 tium,
218 2617 353 2688 diutius
376 2621 568 2692 clementer
586 2623 779 2704 custodiat,
811 2637 906 2712 regat
931 2635 964 2690 et
987 2643 1073 2689 con-

98 2731 222 2802 servet,
244 2732 282 2787 ut
297 2719 432 2790 sincera
449 2719 635 2814 Evangelii
650 2725 811 2796 doctrina
826 2739 862 2794 ct
879 2723 967 2791 aliae
982 2735 1072 2789 artes

99 2820 299 2888 necessariae
322 2825 479 2894 societati
502 2825 638 2914 generis
662 2823 809 2894 humani
832 2838 867 2894 et
883 2821 1073 2905 Ecclesiae,

98 2918 156 2987 diu
180 2919 299 2990 llorere
321 2939 355 2994 et
379 2925 448 2994 late
474 2927 660 3017 propagari
687 2925 939 3018 indepossint,
965 2948 1071 3018 qnam

98 3020 138 3087 nd
153 3043 222 3118 rem
240 3037 280 3094 nt
295 3023 415 3094 idonei
433 3029 685 3116 gubernatores
700 3029 738 3097 in
757 3029 832 3097 loca'
841 3023 870 3119 ³)
887 3027 1072 3096 defuncto-

99 3144 171 3190 rum
196 3125 474 3212 substituantur,
505 3124 729 3200 hauddubie
759 3155 863 3200 curae
890 3129 957 3197 erit
984 3127 1071 3194 lllu·

98 3222 258 3292 strissimo
277 3224 440 3321 Principi
461 3253 501 3298 ac
522 3230 697 3310 Domino,
728 3228 886 3300 Domino
903 3223 1071 3320 Auguste

95 3318 180 3392 Darei
210 3324 398 3414 Saxoniae,
438 3329 475 3407 S.
504 3329 648 3422 lmperii
682 3330 838 3403 Romani
864 3325 1070 3400 Archimar·

95 3418 222 3495 sclralco
237 3441 269 3496 et
279 3425 447 3516 Electori‚
473 3431 631 3524 Principi
648 3431 851 3502 acDomino
866 3447 986 3502 nostro
1000 3432 1070 3500 cle-

95 3527 323 3611 rnentissimo,
358 3534 459 3602 cuius
475 3531 658 3606 Celsitodo
679 3559 781 3625 saepe
802 3536 872 3602 iam
896 3531 1073 3602 evidenti-

95 3625 155 3694 bus
170 3631 379 3705 testimoniis
394 3659 459 3704 nos
479 3637 717 3720 confirmavit,
747 3639 842 3730 qarod
867 3636 952 3705 velit
973 3654 1071 3702 stam-

94 3749 145 3796 roo
160 3732 272 3800 studio
293 3727 386 3804 banc
401 3731 640 3821 Academiam,
666 3739 704 3805 in
722 3761 790 3830 qna
808 3737 931 3828 purior
948 3733 1071 3804 Evau-

96 3827 168 3915 gelii
191 3831 246 3900 lux
271 3833 309 3902 iu
331 3861 455 3907 omnes
476 3852 591 3930 partes
607 3833 790 3907 christiani
806 3839 903 3908 orbis
928 3837 1069 3922 effulsit,

95 3952 148 3998 sua
162 3933 397 4024 munificentia
415 3939 534 4010 fovere
550 3953 585 4011 et
598 3961 816 4012 coraservare.

123 4115 133 4148 .¹
180 4031 254 4104 Nos
277 4061 438 4131 quoque,
465 4039 667 4140 qaros'Dens
689 4041 804 4111 voluit
826 4035 909 4109 luric
930 4039 989 4130 pio
1007 4063 1068 4129 pa-

95 4143 134 4200 tn
147 4147 177 4204 et
187 4141 409 4229 praeceptori
426 4158 546 4232 postro
563 4143 766 4232 superstites
783 4165 874 4226 esse,
900 4143 963 4210 etsi
982 4143 1067 4210 late-

96 4257 165 4302 mur
193 4259 259 4340 nos
292 4239 470 4312 donorum
503 4245 704 4314 excellentia
740 4243 808 4336 ipsi
835 4257 869 4314 et
900 4244 978 4312 aliis
1004 4237 1068 4310 ue-

95 4357 257 4428 quaquam
282 4364 385 4432 pares
408 4367 499 4426 esse,
541 4358 659 4414 tausen
691 4369 831 4414 summo
857 4346 974 4413 studio
1003 4365 1068 4412 an-

94 4436 256 4525 nitamur,
283 4455 324 4512 ut
355 4445 532 4516 iuventuti
565 4447 660 4536 piam
688 4461 724 4518 et
739 4447 925 4514 salutarem
948 4459 987 4514 et
1010 4445 1067 4512 in-

94 4555 281 4631 corruptam
334 4547 533 4616 doctrinam
587 4549 790 4633 coelestem,
849 4547 939 4615 sicut
990 4569 1066 4618 eam

94 4659 108 4704 a
134 4645 332 4713 reverendis
358 4650 518 4736 patribus
547 4663 582 4720 et
611 4649 897 4739 praeceptoribus
929 4647 1068 4733 nostris,

1124 2619 1376 2688 beneficiorum
1405 2619 1613 2688 memoriam
1635 2621 1743 2702 tueri,
1768 2633 1815 2690 'et
1839 2619 2114 2688 domesticorum

1125 2719 1282 2789 defuncti
1300 2721 1532 2809 praeceptoris
1549 2719 1701 2790 orbitate
1713 2717 1805 2790 serio
1821 2715 1926 2790 allici.

1222 2820 1455 2890 Conveoictis
1478 2834 1595 2890 autem
1619 2816 1726 2890 bodie
1746 2822 1852 2913 paulo
1877 2831 1957 2910 ante
1987 2840 2114 2888 serun-

1124 2924 1204 2992 ‹lam
1228 2918 1352 2990 horam
1377 2943 1488 3012 prope
1503 2919 1531 3010 ⁸)
1555 2922 1658 2992 aedes
1678 2919 1824 2992 Domini
1844 2917 2021 3010 Philippi,
2048 2917 2113 2987 ubi

1123 3022 1306 3094 audieritis
1324 3023 1652 3113 signnm'campana
1668 3023 1765 3107 dari,
1791 3035 1825 3093 et
1841 3019 2039 3116 sequamini
2054 3019 2114 3088 fu·

1122 3147 1190 3194 arus
1221 3147 1333 3218 arsque
1364 3125 1402 3192 in
1435 3126 1606 3214 templum
1628 3119 1846 3198 Parochiala.
1903 3120 2008 3193 Unde
2032 3132 2114 3211 post

1122 3227 1281 3296 auditam
1303 3227 1676 3296 commonefactionem
1703 3227 1747 3296 de
1772 3249 1831 3316 spe
1845 3219 2112 3294 resurrectionis

1122 3341 1282 3412 nostrae,
1307 3349 1414 3418 porro
1435 3328 1616 3398 deducetis
1639 3327 1727 3396 illud
1753 3329 1790 3396 in
1804 3325 1979 3418 templum
1996 3323 2113 3406 Acris,

1122 3448 1155 3501 et
1172 3430 1221 3497 ibi
1236 3431 1393 3498 modeste
1410 3441 1443 3497 et
1459 3443 1659 3498 reverenter
1673 3453 1746 3496 non
1766 3429 1981 3517 ‘dignissima
2003 3447 2112 3518 quae·

1122 3553 1205 3623 qne,
1231 3531 1290 3598 sed
1314 3553 1397 3598 suae
1423 3529 1572 3643 ursisque
1595 3531 1699 3599 aetati
1715 3544 1749 3599 ct
1766 3529 1962 3599 conditioni
1981 3549 2113 3596 conve·

1122 3632 1255 3700 nientia
1283 3631 1359 3699 loca
1381 3643 1613 3721 occupantes,
1644 3631 1795 3699 audietis
1818 3631 2005 3700 irrraebrem
2030 3651 2110 3696 ora-

1122 3733 1254 3802 tionem
1278 3731 1440 3816 recitari,
1466 3745 1508 3800 et
1530 3729 1728 3818 adiungetis
1747 3733 1879 3800 vestras
1893 3749 2011 3821 preces
2027 3751 2110 3796 enm

1121 3835 1300 3905 seniorum
1326 3834 1435 3916 votis,
1468 3831 1780 3927 simulnobiscum
1801 3845 1959 3925 petentes
1988 3842 2111 3922 prote-

1121 3937 1273 4006 ctionem
1294 3948 1328 4004 et
1356 3935 1660 4004 conservationem
1684 3933 1824 4024 piorum
1847 3931 2046 4003 studiorum
2071 3929 2111 3998 in

1106 4033 1185 4107 ¹bac
1211 4031 1340 4107 Schola
1373 4047 1407 4104 et
1432 4031 1601 4108 Ecclesia.
1654 4033 1852 4106 Hortamur
1884 4047 2001 4103 autem
2035 4053 2110 4116 uos,

1120 4133 1376 4220 Sclrolasticos,
1411 4147 1444 4204 et
1471 4161 1532 4228 per
1554 4135 1669 4206 Deum
1692 4161 1876 4224 rogamus,
1910 4149 1951 4206 ut
1974 4133 2108 4202 inlota

1120 4237 1185 4310 hac
1206 4237 1351 4309 funebri
1375 4239 1571 4307 ceremonia
1594 4238 1671 4308 sitis
1693 4239 1840 4306 modesti
1859 4251 1894 4309 et
1909 4235 2112 4333 resecandi,

1119 4365 1184 4410 nec
1209 4335 1475 4412 tumultuamini
1500 4355 1533 4408 et
1556 4340 1658 4410 foeda
1684 4341 1949 4410 coastustoneet
1973 4338 2110 4422 discas,-

1118 4443 1252 4512 satione
1283 4439 1432 4510 turbetis
1463 4441 1625 4510 ordinem
1654 4443 1804 4509 maxime
1835 4439 2045 4508 servandum
2068 4437 2106 4502 in
2140 4435 2145 4450 '

1118 4545 1250 4614 talibus
1272 4537 1535 4636 congressibus,
1567 4541 1631 4612 cabi
1646 4543 1764 4632 potius
1782 4541 1868 4635 quid
1886 4535 2111 4610 amiserimus

1119 4660 1152 4716 et
1174 4657 1355 4736 expectare
1381 4665 1489 4732 porro
1516 4641 1712 4734 possimus,
1744 4645 1896 4732 cogitare
1925 4639 2108 4723 debemus,

94 4729 262 4830 Lartem,
292 4743 392 4818 Iona
406 4747 457 4845 ⁴),
490 4744 760 4845 Bugeohagio‚
784 4739 1000 4842 Crucigero‚
1033 4763 1067 4819 et
1117 4770 1223 4838 quam
1248 4745 1333 4838 quid
1358 4759 1718 4838 spectsre‘queamus.
1768 4741 1932 4824 Adsunt,
1951 4753 1992 4810 ut
2006 4739 2107 4814 sidc-

94 4827 256 4938 Philippo
285 4852 506 4942 accepimus,
548 4869 584 4923 et
613 4831 746 4924 scimus⁸
766 4875 960 4938 congruere
986 4875 1065 4919 curn
1116 4849 1184 4931 tis,
1211 4849 1348 4941 aliquot
1369 4837 1555 4936 Lipscns'es
1577 4845 1814 4930 Professores,
1838 4843 1973 4934 aliquot
1995 4839 2105 4910 virini

95 4957 247 5032 Perpetuo
272 4973 447 5022 consensu
465 4949 757 5046 Propheticorum
783 4967 818 5022 et
840 4951 1064 5042 Apostolico-
1117 4949 1281 5034 Nobiles,
1307 4947 1412 5019 molti
1438 4947 1544 5018 uicini
1564 4945 1729 5018 Pastores
1745 4961 1778 5016 et
1799 4945 1860 5016 alii
1882 4939 2022 5016 honesti
2040 4937 2106 5013 lu)-

92 5061 162 5114 mm
180 5049 389 5142 scriptorum
411 5079 490 5125 eum
509 5055 690 5152 Symbolis
712 5069 745 5127 ct
763 5055 981 5124 consessione
1001 5049 1066 5124 ha·
1115 5053 1239 5140 spit'es,
1274 5075 1363 5142 quos
1383 5051 1581 5120 communis
1602 5049 1705 5118 dralur
1725 5046 1845 5138 Lipsia
1871 5069 1981 5139 usquc
2006 5059 2039 5116 et
2064 5071 2106 5115 ex

1114 5154 1194 5222 aliis
1226 5150 1431 5247 longinquis
1464 5151 1551 5224 locis
1585 5143 1655 5218 huc
1689 5147 1849 5234 attraxit,
1884 5163 1926 5220 ul
1952 5142 2017 5218 bac
2044 5169 2112 5216 sua

98 5203 328 5230 F—-rn—-n-

1123 5307 1330 5332 ..ωηο-ιιι·-

114 5289 228 5366 ἣΐοω]
247 5295 309 5353 Ser.
326 5297 404 5370 publ.
422 5303 526 5356 aem.

115 5379 240 5460 QIem]
259 5401 318 5440 uon
336 5385 434 5441 batem
449 5387 510 5445 Sca.
528 5385 604 5461 pust.
1149 5383 1177 5452 S)
1192 5383 1301 5452 prope]
1315 5379 1380 5437 Ser.
1395 5376 1472 5452 publ.
1490 5385 1569 5430 aare.
