4888 5962
23 2189 29 2203 ’
136 2171 253 2242 ctrina
276 2169 491 2242 iunioribus.
549 2167 603 2240 Ex
629 2168 693 2242 hac
715 2169 905 2244 Academia
934 2176 1125 2252 extiterunt

140 148 215 222 ast
493 251 496 256 ,
713 157 1142 250 QUAESTlONES
1195 161 1598 242 ACADEMICAE.
1872 207 1876 224 =
2099 183 2174 254 738

137 333 295 418 tempore
323 322 503 398 retineant
529 329 702 428 sormam
727 331 889 428 primam
916 331 1126 406 institutam
1180 351 1300 429 postea
1325 339 1406 430 plus
1431 341 1605 412 viciorum
1629 346 1784 418 accessit.
1837 345 1922 420 ldeo
1944 364 2207 448 nequaquam*

139 426 180 496 in
208 419 411 496 Ecclesia?
938 467 942 476 ·
1039 467 1042 476 ³
1177 443 1220 508 ad
1233 440 1488 532 Apostolorum
1507 447 1666 535 exempla
1683 451 1922 538 conveniunt,
1949 469 1983 524 et
2003 457 2172 526 emenda-

242 525 339 598 Haec
362 530 522 622 quaestio
544 531 614 601 iam
640 533 765 624 agitari
791 535 899 634 solet,
926 561 1006 609 cum
1037 534 1127 628 Epi·
1176 543 1274 613 tione
1292 569 1381 635 opus
1399 541 1540 618 habent.
1593 548 1664 620 Sed
1690 553 1735 620 de
1761 545 1827 622 hac
1851 579 1890 624 re
1911 557 2082 628 audiuam
2105 559 2172 628 do-

137 630 236 722 scopi
256 627 493 718 etCanonici,
528 636 708 706 defensuri
731 660 833 706 suum
859 638 997 722 ocium,
1023 641 1126 709 volu·
1176 646 1313 716 minum
1330 645 1521 720 Doctorem
1537 645 1834 726 Mochobosum.

136 747 270 826 ptates,
305 747 338 802 et
361 735 489 826 impios
511 737 618 822 ritus,
644 741 799 828 allegant
822 742 1006 812 vetustatis
1031 743 1122 812 iudi-

138 837 246 909 eium.
283 833 375 906 Ve'ra
393 838 503 926 igitur
518 839 712 933 antiquitas
727 844 928 934 quaerenda
948 857 1009 914 est.
1060 843 1124 916 Sa·
1185 897 1494 912 ....-.----

136 940 185 1010 tis
201 951 358 1020 constat,
386 935 583 1032 Prophetas
596 943 683 1012 olim
700 938 866 1014 habuisse
882 959 1002 1016 coetus
1018 947 1125 1016 disci·
1180 979 1183 988 ·

137 1041 331 1134 polorum,
363 1037 500 1122 Eliam,
532 1039 713 1115 Elisaeum
739 1059 773 1116 et
801 1046 954 1127 similes,
994 1049 1125 1141 quibus
1173 1059 1316 1132 Nost&
1951 1081 1955 1090 ·
1993 1077 2043 1144 sn'.
2071 1076 2164 1143 1543.

139 1140 356 1214 enarrabant
383 1143 495 1234 legem
518 1142 606 1233 Dei,
641 1161 675 1218 et
697 1149 950 1239 promissiones
973 1151 1124 1232 divinas,
1174 1155 1346 1181 ’Ν
1995 1167 2165 1190 ’Ν

136 1261 173 1318 et
191 1247 378 1316 tradebant
395 1242 572 1320 historias.
625 1245 684 1319 Ad
708 1245 793 1319 haee
817 1252 934 1322 studia
956 1253 1016 1322 alii
1038 1255 1124 1323 alias
1235 1281 1268 1333 tn
1287 1277 1441 1346 Quaesitor
1463 1297 1490 1347 ρ.
1503 1277 1537 1332 47
1551 1297 1593 1351 sq.
1615 1271 1665 1320 -'
1683 1280 1870 1354 apographon
1891 1283 1920 1336 in
1942 1286 2007 1340 eod.
2022 1285 2102 1350 Mon.
2121 1289 2163 1344 tt.

135 1351 253 1420 bonas
269 1361 362 1418 artes
379 1351 568 1422 addebant.
618 1349 727 1424 Hunc
746 1377 881 1422 morem
897 1355 1024 1426 imitati
1042 1371 1124 1426 stant
1277 1366 1325 1401 ¹¹⁰·
1341 1345 1432 1415 1ch.
1449 1349 1510 1404 sss.
1909 1387 1914 1395 -

136 1448 319 1522 lohannes
333 1449 509 1542 Baptista,
533 1449 752 1526 etChristus.
805 1454 857 1526 lta
871 1456 987 1528 Duces
1001 1453 1123 1528 Eccle-
1322 1532 1329 1546 ,
1732 1535 1740 1549 1

137 1555 212 1624 siae
237 1577 375 1646 semper
390 1549 627 1626 Scholasticos
651 1544 771 1627 coetus
795 1581 911 1628 serum
929 1573 1123 1634 traxerunt.
1174 1528 1351 1610 9¹⁴⁰⁶⁸l²⁰
1370 1526 1417 1598 de
1436 1529 1521 1599 θαι
1530 1551 1635 1618 ”⁸⁰2
1662 1539 1828 1605 '‘immi‘'
1842 1529 2039 1605 d·5·F⁶l'‘·
2052 1531 2163 1636 ¹543·

135 1655 188 1730 Et
204 1670 481 1728 consentaneum
496 1670 565 1742 est,
586 1659 778 1729 vetustiora
796 1683 869 1750 esse
884 1663 1042 1754 exempla
1056 1659 1123 1733 hu·
1174 1651 1259 1700 ‘mm
1286 1628 1551 1702 mmmm
1579 1631 1727 1728 illam
1752 1635 1962 1706 9⁰⁰¹⁰r¹⁴m
1992 1641 2033 1708 ln
2057 1647 2165 1712 um·
2247 1678 2250 1688 ’

137 1762 197 1830 ius
222 1759 286 1832 rei.
335 1757 476 1828 Primos
491 1757 614 1830 Patres
637 1785 750 1855 usque
769 1763 814 1832 ad
839 1763 949 1834 Moisi
974 1779 1122 1838 aetatem
1238 1755 1307 1826 ‘1¹¹⁰
1333 1737 1418 1806 lure
1439 1729 1554 1806 Dm·
1581 1733 1855 1809 emmim
1881 1743 2106 1812 P⁰”l“”⁰·

136 1875 232 1934 certa
248 1861 411 1934 sodalitia
425 1861 630 1932 auditorum
647 1857 813 1934 habuisse
832 1867 995 1936 arbitror.
1020 1865 1124 1938 Post·

79 1975 87 1990 ,
217 1965 226 1981 .
289 1963 298 1982 .
654 1968 662 1983 ,
1172 1888 1266 1972 Non
1288 1918 1341 1974 est
1363 1917 1504 1974 nostrae
1532 1906 1655 1976 aetatis
1680 1907 1877 1998 disputare,
1910 1933 1981 2002 qno
2012 1910 2162 1980 consilio

136 1989 180 2036 ea
215 1975 417 2034 institutum
452 1977 503 2033 est
527 1963 726 2057 Collegium
753 1969 798 2036 ad
824 1967 1125 2056 Tabernaculum,

349 2067 357 2082 ,
492 2068 500 2083 ,
784 2071 793 2086 ,
1175 1999 1245 2076 huc
1273 2007 1498 2076 adducantur
1522 2008 1643 2102 pueri,
1678 2023 1718 2081 ut
1742 2011 1885 2101 publice
1912 2013 2060 2083 recitent
2096 2013 2163 2082 ali-

137 2065 237 2137 haud
271 2068 400 2150 dubie,
430 2080 528 2136 utm
555 2093 592 2138 ea
616 2071 815 2163 frequentia
840 2073 1037 2143 traderetur
1060 2075 1124 2144 do·
1172 2101 1281 2202 quam
1302 2109 1479 2178 Qudnam
1505 2099 1762 2204 quaestionem·
1815 2111 1885 2184 Sed
1910 2113 1949 2181 in
1977 2111 2163 2184 hacinfir·

1174 2212 1297 2282 mitate
1336 2211 1459 2282 aetatis
1500 2215 1687 2304 praecipua
1724 2215 1800 2284 laus
1837 2229 1889 2286 est
1927 2216 2162 2291 obedientiae.

1175 2311 1296 2404 Quare
1311 2315 1376 2386 etsi
1393 2337 1494 2406 spero
1511 2340 1574 2385 vos
1590 2311 1681 2384 mihi
1698 2318 1837 2386 veniam
1855 2322 1958 2401 dare,
1975 2321 2070 2411 quod
2088 2319 2163 2388 ins-

1173 2441 1234 2488 sus
1259 2418 1298 2486 in
1326 2413 1422 2488 hunc
1442 2417 1560 2488 locum
1582 2417 1720 2510 prodii,
1747 2429 1866 2490 tamen
1889 2421 1981 2490 sicut
2004 2423 2162 2493 modesta

137 2503 198 2548 eos
222 2489 341 2548 coetus
366 2489 504 2547 coactos
526 2501 611 2551 esse.
661 2479 743 2550 Non
764 2495 840 2553 erat
864 2483 981 2555 ociosa
1009 2485 1125 2570 turba,
1175 2519 1317 2610 ingenia
1333 2523 1449 2605 decet,
1476 2521 1964 2592 idvosomndosemduxq·
2017 2519 2162 2593 Fortas-

136 2583 201 2650 sed
225 2579 407 2652 doctrinae
428 2580 555 2650 studiis
583 2583 715 2656 dedita.
774 2581 848 2656 Nec
883 2587 1125 2658 adolescentes
1175 2624 1222 2692 δὴ
1247 2636 1364 2692 autem
1387 2623 1467 2692 ideo
1493 2617 1562 2693 huc
1586 2623 1816 2710 adducimur,
1842 2619 2162 2716 utfnhqsspem,

135 2695 279 2804 iinmm
297 2698 359 2752 θυι
375 2681 444 2750 viri
461 2682 514 2752 ibi
530 2685 800 2807 erudiebanulrs
847 2683 963 2807 Erant
985 2703 1019 2759 ‘t
1044 2715 1125 2760 '¹¹¹¹'
1175 2725 1264 2794 culis
1279 2723 1448 2794 admirari
1463 2718 1618 2795 honores
1634 2723 1835 2795 studiorum
1852 2725 2040 2804 discamus,
2068 2729 2160 2795 etad

135 2782 542 2856 hemmcpueuamm
565 2782 723 2870 ⁵⁰h⁰l³⁰’
750 2785 1021 2875 ¹b¹Eh²³b⁰¹h⁹
1046 2793 1124 2862 An·
1175 2829 1360 2898 literarum
1386 2849 1542 2896 amorem
1564 2828 1809 2896 accendamur.
1868 2823 1916 2896 Et
1936 2839 1976 2896 ut
2001 2828 2161 2920 quaestio

134 2913 203 2973 Μ’
232 2885 373 3006 Mirm
399 2910 470 2956 ⁰¹¹³
497 2882 769 3008 Pl¹il⁰⁸⁰lh²¹³⁰
795 2907 888 2966 ⁸⁰⁰¹*
941 2893 1123 3020 lllefduffl
1175 2929 1329 3020 intelligi
1353 2928 1480 3021 possit,
1514 2953 1619 3025 quam
1642 2929 1818 3016 recitabo,
1853 2929 1953 3022 prius
1988 2932 2162 3022 quaedam

135 3002 259 3062 autern
274 2991 527 3060 instaurandae
542 2993 725 3062 doctrinae
742 3017 842 3064 eausa
853 2994 948 3070 Deus
963 3011 1126 3068 excitavit
1176 3034 1354 3102 narranda
1372 3043 1465 3102 sum·

134 3086 358 3184 Prophetas,
384 3093 446 3186 qui
461 3095 657 3184 peculiares
676 3090 824 3168 Scholas
841 3093 1031 3172 habebant.
1071 3097 1125 3170 lta
1237 3177 1242 3184 ,

135 3190 340 3268 Iohannem
356 3207 390 3264 et
401 3189 586 3266 Christum
602 3199 744 3286 agmina
759 3214 852 3274 certa
867 3201 1125 3294 discipulorum
1182 3251 1187 3262 ‚
1279 3199 1371 3272 Cum
1386 3196 1567 3274 Antonius
1582 3214 1617 3272 et
1632 3196 1806 3274 Octavius
1821 3203 1866 3272 ad
1887 3200 2066 3281 Mutinam
2087 3221 2163 3272 cer-

135 3297 391 3394 sequebantur.
442 3293 534 3369 Cum
549 3313 667 3370 autem
677 3296 843 3391 Apostoli
860 3303 1128 3376 constituissent
1179 3306 1223 3374 tis
1238 3304 1464 3394 pactionibus
1488 3327 1525 3374 se
1547 3305 1832 3387 contraxissent,
1859 3330 1899 3374 ac
1921 3305 2047 3374 foedus
2070 3303 2164 3374 inter

134 3397 336 3484 Ecclesias,
360 3399 491 3490 passim
516 3415 552 3472 et
574 3402 642 3491 ipsi
666 3403 752 3472 tales
778 3401 926 3476 Scholas
954 3408 1127 3476 adiunxe-
1179 3430 1216 3476 se
1229 3406 1409 3490 iecissent,
1435 3403 1589 3479 Romam
1612 3409 1815 3493 redierunt,
1839 3407 1902 3478 ubi
1924 3421 2024 3498 rapta
2047 3405 2165 3476 domi-

134 3515 240 3576 runt.
276 3500 456 3574 'Fuerunt
477 3502 586 3592 igitur
605 3499 845 3578 Alexandriae
875 3521 909 3578 et
939 3509 1025 3580 alibi
1057 3510 1128 3580 lre-
1179 3508 1345 3591 natione,
1371 3507 1486 3576 edicta
1507 3507 1778 3598 proscriptionis
1802 3511 1970 3581 adversus
1998 3508 2163 3580 inimicos

106 3613 289 3704 'quantes
321 3597 490 3689 Scholae,
535 3629 686 3700 quarum
720 3610 792 3678 duo
825 3611 972 3682 luerunt
1002 3612 1128 3685 officia.
1180 3631 1263 3682 suos
1292 3620 1573 3700 proposuerunt,
1604 3621 1758 3701 suntque
1781 3611 1898 3680 statim
1921 3609 2026 3680 initio
2052 3608 2164 3678 inter-

132 3707 350 3782 Doetrinam
383 3729 599 3800 propagare,
633 3721 668 3780 et
700 3732 860 3782 exercere
893 3713 1026 3784 iudicia
1059 3711 1129 3784 Ec·
1181 3712 1264 3782 lecti
1288 3708 1342 3784 M.
1359 3709 1502 3792 Cicero,
1526 3706 1735 3794 L.Caesar‚
1760 3709 1803 3780 'et
1827 3709 1889 3809 alii
1916 3709 2056 3783 nobiles
2082 3709 2163 3778 viri.

134 3811 278 3886 etesiae.
1146 3813 1151 3820 ’
1181 3813 1266 3886 Fuit
1287 3827 1405 3883 autem
1427 3812 1522 3882 inter
1545 3809 1760 3904 proscriptos
1781 3825 1817 3884 et
1830 3811 1964 3896 Varro,
1989 3811 2053 3904 qui
2079 3833 2163 3902 pro-

238 3909 344 3982 Talia
368 3911 477 3984 luisse
496 3905 655 4002 Collegia
678 3913 783 3984 initio
801 3913 889 3982 etin
906 3911 1131 3988 Germanicis
1181 3930 1261 4008 pter
1291 3914 1541 3999 nobilitatem,
1582 3925 1749 3998 aetatem,
1789 3914 2027 3984 eruditionem
2070 3913 2164 4000 inter

136 4013 365 4098 civitatibus,
391 4037 466 4084 non
488 4014 641 4086 dubium
664 4031 726 4090 est.
779 4013 906 4088 Statim
929 4019 1025 4088 enim
1047 4031 1129 4110 post
1181 4019 1389 4110 praecipuos
1412 4013 1601 4086 Senatores
1624 4027 1740 4100 erat„
1778 4013 1885 4086 Hunc
1906 4016 1997 4088 alius
2018 4013 2165 4110 quidam

136 4115 334 4208 Apostolos
347 4113 445 4186 Deus
468 4131 503 4186 et
527 4109 619 4186 hauc
634 4119 817 4190 nationem
834 4113 1128 4212 ad'Evangelium
1182 4121 1333 4193 Senator
1347 4117 1476 4188 Fusius
1490 4114 1645 4188 Calenus
1660 4114 1812 4198 Antonii
1825 4117 1978 4199 amicus,
1995 4117 2059 4211 qui
2071 4140 2166 4188 sern-

136 4219 292 4292 vocavit.
342 4214 562 4310 Argentinae
583 4221 706 4308 docuit
723 4219 927 4308 Maternus,
951 4219 1050 4294 Petri
1066 4247 1131 4293 au·
1182 4247 1246 4316 per
1268 4223 1306 4290 in
1332 4219 1467 4292 Senatu
1497 4221 1613 4290 fuerat
1642 4213 1820 4304 hortator,
1850 4233 1892 4293 ut
1924 4219 2165 4290 mediocribus

134 4323 257 4406 ditor,
296 4317 431 4392 Lucius
462 4317 666 4416 Cyrenaeus
702 4323 740 4392 in
776 4321 937 4416 Augusta
970 4323 1130 4405 Tiberia,
1182 4323 1451 4394 conditionibus
1465 4345 1531 4414 pax
1550 4323 1643 4391 inter
1657 4321 1750 4390 cives
1768 4321 1885 4407 heret,
1911 4323 1949 4411 in
1966 4324 2068 4392 aedes
2084 4341 2164 4388 suas

136 4449 232 4522 quae
246 4446 344 4496 nunc
360 4437 412 4494 est
427 4419 702 4516 Regeusburgk‚
727 4422 897 4496 Crescens
909 4424 1131 4516 Mogontiae,
1183 4429 1272 4496 elam
1288 4425 1438 4517 recepit,
1464 4437 1499 4494 et
1520 4424 1659 4516 aliquot
1674 4435 1811 4494 menses
1831 4423 1987 4508 abdidit,
2011 4444 2086 4490 non
2102 4421 2166 4490 de-

134 4527 307 4602 Clemens
331 4511 441 4608 Meti,
477 4523 622 4598 Marcus
647 4525 752 4598 Pauli
781 4551 898 4598 comes
922 4529 961 4598 in
987 4527 1131 4614 Passau,
1182 4529 1326 4599 territus
1341 4523 1493 4598 Antonii
1512 4525 1657 4596 victoris
1678 4527 1735 4596 vel
1757 4527 1940 4598 iracundia
1960 4525 2017 4592 rel
2037 4521 2166 4596 edicto.

32 4671 35 4678 ·
136 4621 525 4723 TrophimusArelati.
576 4626 647 4700 Sed
666 4643 784 4720 postea
796 4619 969 4728 Vandalis
984 4629 1130 4702 etHun-
1181 4629 1262 4701 Hoc
1276 4645 1435 4723 tempore
1450 4653 1528 4699 eum
1551 4628 1613 4696 alii
1630 4627 1767 4720 expulsi
1790 4628 1919 4722 passim
1942 4639 2166 4710 necarentur,

134 4733 198 4805 nis
219 4731 342 4802 omnia
366 4729 605 4816 vastantibus,
632 4731 750 4802 studia
772 4732 956 4804 doetrinae
978 4734 1132 4804 extincta
1183 4757 1285 4826 saepe
1301 4731 1484 4804 Antonius
1505 4729 1545 4800 in
1560 4725 1684 4801 Caleni
1702 4731 1850 4802 domurn
1865 4729 1982 4814 venit,
2007 4739 2050 4797 ut
2070 4727 2166 4818 apud

136 4849 238 4908 sunt.
291 4829 341 4903 Et
365 4831 573 4924 peregrinae
597 4833 759 4904 nationes
783 4833 927 4924 ignarae
947 4835 1132 4927 religionis
1183 4837 1337 4907 amicum
1353 4833 1614 4913 convivaretur.
1672 4827 1719 4902 Et
1741 4828 1991 4908 tamenVarro
2015 4828 2069 4900 ibi
2088 4841 2167 4902 tuto

135 4939 356 5012 deleverunt
381 4930 577 5018 Ecclesias,
609 4959 701 5030 quae
731 4951 812 5028 post
834 4933 1050 5028 Gregorium
1073 4939 1132 5008 in·
1184 4939 1328 5008 latebat.
1361 4935 1524 5006 Tandem
1541 4929 1960 5018 cumvideretCalenus,
1986 4929 2168 5002 saevitiam

136 5053 319 5114 stauratae
335 5049 439 5121 sunt,
464 5061 546 5106 curn
561 5035 631 5110 iam
649 5038 919 5132 superstitiones
933 5041 1066 5114 multae
1092 5040 1132 5109 in
1185 5037 1454 5131 proscriptionis
1484 5037 1681 5125 mitigatam
1710 5057 1803 5116 csse,
1836 5047 1873 5106 et
1894 5035 2027 5106 facturn
2054 5027 2171 5104 Anto-

136 5141 337 5218 Ecclesiam
364 5138 587 5230 irrupissent.
645 5135 1013 5234 Quanquamautem
1045 5137 1133 5212 haec
1183 5143 1285 5212 nium
1301 5139 1588 5232 placabiliorem,
1612 5137 1823 5228 depreeatur
1845 5161 1911 5232 pro
1929 5135 2112 5220 Varrone,
2137 5145 2173 5202 et

138 5245 300 5318 recentia
322 5237 481 5329 Collegia
514 5241 705 5314 constituta
739 5239 930 5330 aCarolo,
962 5243 1133 5330 Henrico,
1183 5245 1315 5314 latetur
1329 5267 1348 5312 a
1364 5265 1400 5312 se
1418 5239 1562 5312 interim
1581 5237 1795 5310 occultatum
1812 5263 1897 5312 esse.
1945 5229 2173 5328 LaudatAn-

140 5341 328 5424 Otthoue,
345 5339 483 5436 aliquid
498 5335 679 5417 habebant
692 5367 855 5418 errorum
869 5343 991 5434 initio,
1013 5360 1132 5418 tamen
1185 5344 1307 5418 tonius
1321 5341 1446 5416 Caleni
1464 5341 1588 5515 qqem
1615 5340 1755 5414 etiamsi
1779 5339 1904 5422 eontra
1920 5339 2073 5412 edictum
2089 5359 2175 5431 pro-
2246 5364 2250 5383 ¹

183 5453 365 5520 massan.
383 5448 486 5516 Ossa.
513 5447 598 5516 Vos.
613 5448 661 5518 X.
771 5489 775 5497 =

136 2295 265 2362 magna
282 2272 420 2342 lumina
441 2266 549 2342 huius
573 2275 717 2366 populi,
740 2267 906 2363 Samuel,
932 2277 1065 2364 Sadoc,
1091 2292 1126 2350 et

137 2375 285 2444 similes.
337 2371 410 2444 Nec
431 2387 554 2470 putate
579 2389 718 2448 tantum
743 2393 889 2470 propter
908 2383 1125 2452 ceremonias
