4888 5962
292 239 367 366 eal
568 215 570 220 ‘
879 224 1739 353 ouansrrouns's'caonua'cau
1856 181 1861 202 ''
2040 351 2041 354 Ὺ
2250 244 2337 318 aaa

390 435 505 534 'Tales
520 409 662 524 ¹iurares
679 455 715 516 et
735 405 890 536 poenae,
915 403 1138 506 comiian‘tor'
1155 425 1284 520 imple-
1338 416 1508 554 Q
1572 523 1575 540 Ι
1681 443 1718 454 ·’
1836 385 1879 396 '⁴
2089 421 2331 508 maugisus*
2434 439 2435 502 3

2117 517 2330 552 m
2434 547 2435 556 ἵ

298 583 404 642 tatem
423 581 567 640 eorum,
591 549 654 646 qui
674 546 762 617 falsa
786 545 949 631 dogmata
972 545 1162 630 spargunt,
1188 545 1222 600 et
1245 541 1286 598 ut

1057 637 1066 653 '
1196 647 1227 713 t,
1253 643 1287 699 rt
1406 587 2341 686 aroannam*31„,·,u,1.„1,‚c„„,qpggffip
2434 595 2435 656 ῳ

300 697 340 782 ea
355 665 565 789 defendant,
589 651 659 724 sibi
676 648 785 721 hidae
806 638 988 717 cohortem
1010 640 1193 752 adaungtl,n
1437 685 1586 764 ‚dictust
1605 684 1749 758 responsio
1762 683 2340 756 naiorjrattnaeuaat,quaesequae.

300 778 502 846 sedationes.
515 769 667 830 movent.
718 745 811 821 Nam
835 759 984 835 utraque
1009 739 1134 828 regula
1150 735 1288 820 ,ruditu
1442 753 1558 808 arionem
1571 755 1598 806 d,
1613 753 1655 808 23,
1671 755 1755 808 ΜὶΙΓῑι
1769 774 1813 808 η.
1828 753 1904 808 1554.
1919 753 2060 808 minum
2077 756 2209 830 pertinet.

304 870 420 947 diuini
437 869 535 936 firma
552 872 619 929 est:
644 850 726 926 Non
745 851 906 918 adsumes
929 865 1062 914 nornen
1078 839 1144 909 Dei
1161 837 1214 908 tui
1228 860 1289 903 va-

303 1001 367 1060 ne,
393 993 466 1042 non
485 963 581 1036 enim
596 945 850 1029 haliebitDcus
864 949 1063 1027 insontem,
1087 941 1290 1034 quicunque
1343 901 1516 984 9¹⁴⁴¹0⁸¹²⁰⁰
1541 896 1709 966 mum
1734 913 1760 964 ⁰
1783 894 1930 966 Paulo
1957 891 2095 964 libero
2121 889 2225 992 filiu,
2254 917 2344 971 cum

305 1099 398 1148 vane
421 1089 553 1140 nomen
574 1061 651 1132 eius
675 1066 834 1144 usurpat.
893 1034 1008 1118 Item:¹
1040 1043 1113 1132 Qui
1133 1040 1292 1131 gladium
1343 993 1782 1092 dwmmmdl'adffl
1804 997 1854 1066 D·
1879 993 2126 1085 Gdttteao,
2160 994 2344 1072 Ductori,

307 1173 491 1266 acceperit,
506 1163 624 1257 gladio
641 1155 781 1252 peribit
809 1149 861 1222 Ac
876 1151 968 1218 vidit
982 1147 1119 1238 aliquot
1134 1139 1292 1231 exempla
1412 1215 1417 1225 ,
1478 1097 1674 1172 'cmm
1696 1095 1795 1196 Μ’
1821 1101 1863 1170 ⁶¹⁸
1877 1098 2175 1196 mmmmm·

306 1297 341 1352 et
357 1266 475 1347 nostra
493 1279 606 1346 aetas,
631 1255 782 1332 Sertorii
799 1251 1009 1356 sediciqnem
1028 1250 1065 1319 in
1081 1245 1232 1319 Suesia,
1260 1253 1295 1310 et
1344 1221 1441 1308 Non'
1454 1251 1518 1320 ego
1538 1229 1609 1298 iam
1629 1251 1750 1300 causas
1765 1251 1948 1322 quaeram,
1975 1253 2039 1298 cur
2061 1229 2196 1318 ignosci
2217 1231 2342 1300 debeat

304 1373 501 1454 monetarii
520 1369 558 1438 ᾗ,
581 1359 775 1448 turingia,
807 1378 904 1423 anno
928 1350 1039 1430 1525.
1090 1343 1140 1418 Et
1165 1345 1295 1416 deinde
1347 1334 1452 1406 nobis
1474 1333 1611 1424 pueris,
1637 1333 1781 1424 quando
1804 1331 1843 1414 in
1863 1326 1919 1400 his
1934 1331 2114 1401 seniorum
2129 1347 2163 1401 et
2178 1333 2343 1402 doctissi-

305 1487 444 1554 ΜΘΝ,
461 1458 823 1556 gnagmpustammin
837 1449 1081 1544 Westphalia.
1135 1445 1297 1516 Hieme
1348 1460 1489 1508 morum
1509 1434 1669 1503 virorum
1695 1433 1938 1520 congressibus
1961 1435 2066 1503 verba
2088 1435 2257 1522 iacimus,
2281 1438 2343 1504 sed

306 1584 375 1655 „311
400 1573 541 1665 tragicis
565 1561 792 1658 spectaculis,
828 1557 983 1650 primum
998 1563 1099 1622 'recte
1122 1550 1298 1622 discamus
1349 1539 1488 1608 ueniam
1512 1537 1700 1628 precabor,
1724 1535 1820 1628 quod
1844 1549 1913 1606 tam
1938 1559 2041 1628 saepe
2066 1536 2173 1608 mciu
2189 1541 2341 1608 eundern

308 1706 430 1754 veram
455 1672 675 1749 doctrinam,
699 1662 829 1732 deinde
848 1683 884 1728 se
903 1657 1053 1750 quisque
1073 1655 1166 1723 intra
1187 1663 1299 1723 metas
1350 1643 1468 1711 locum
1505 1639 1654 1731 produci
1690 1636 1816 1728 patior.
1870 1635 1993 1707 l'ideri
2030 1637 2126 1708 enim
2160 1639 2341 1734 aliquibus

310 1809 394 1858 ,uae
416 1765 833 1850 vocationiseomineat,
858 1783 931 1829 non
956 1776 1225 1845 corrumpamus
1239 1775 1300 1818 ve·
1352 1761 1509 1836 possem,
1535 1741 1647 1808 audax
1664 1737 1698 1808 et
1712 1737 1819 1825 nimis
1837 1739 1905 1806 mei
1920 1739 2113 1812 admirans.
2162 1737 2339 1835 Equidem

310 1911 369 1959 m
389 1878 582 1955 „menelae
607 1865 804 1962 praestigiis
820 1856 1108 1952 sophismatum,
1134 1853 1224 1924 sicut
1241 1851 1301 1922 lu·
1353 1867 1504 1934 agnosco
1522 1863 1634 1910 meam
1652 1839 1838 1910 infamiam
1861 1855 1895 1910 et
1919 1842 2130 1928 ruditatem,
2156 1847 2217 1912 sed
2234 1843 2342 1935 patris

311 1989 393 2062 daci
422 1983 586 2058 scelerate
615 1977 849 2054 corrumpunt
872 1966 1005 2048 dictum
1037 1957 1140 2028 lacob
1163 1957 1202 2025 in
1226 1953 1301 2024 Ge·
1352 1941 1603 2018 authoritatem
1638 1943 1803 2031 defugere
1836 1967 1909 2012 non
1944 1944 2071 2028 debui,
2103 1969 2193 2039 quae
2220 1947 2343 2016 divino

313 2091 410 2174 nesi,
433 2111 480 2180 qu

483 2084 528 2153 od
552 2071 879 2169 planissimumest.
931 2051 1209 2151 FingnntSiloh
1229 2079 1304 2124 esse
1353 2049 1521 2118 mandato
1538 2047 1669 2116 sancita
1692 2059 1753 2116 est.
1806 2039 1841 2114 ls
1857 2059 1973 2122 autem
1991 2049 2087 2140 quod
2105 2071 2200 2116 caune
2219 2047 2344 2117 iterum
2434 2045 2435 2056 ’

312 2191 619 2280 Nabugdouosor,
644 2185 680 2242 et
694 2170 760 2238 alia
776 2179 865 2236 tetra
878 2165 1081 2246 mendacia,
1108 2183 1199 2252 quae
1212 2157 1303 2228 reci·
1354 2149 1470 2219 voluit
1485 2143 1622 2216 me'hoc
1637 2149 1674 2216 in
1691 2145 1768 2215 loco
1783 2145 1909 2233 dicere,
1928 2171 2067 2218 causam
2081 2144 2208 2220 habuit
2223 2150 2345 2219 arctis-
2434 2163 2435 2190 ¹

315 2311 390 2367 tare
409 2281 613 2379 δύσφημον
636 2287 697 2344 est.
749 2267 823 2342 Nos
842 2267 993 2338 sciamus
1009 2265 1045 2332 iu
1072 2287 1111 2332 ca
1132 2260 1304 2331 sententia
1356 2253 1482 2340 simam
1517 2249 1805 2319 coniunctionem
1837 2261 1871 2318 et
1900 2251 2219 2342 necessitudinem,
2261 2275 2346 2346 quae
2434 2267 2435 2306 l

316 2388 597 2467 consolationem
612 2399 713 2449 verae
727 2369 905 2442 Ecclesiae
920 2365 1159 2460 dulcissimam
1173 2385 1305 2454 propo-
1356 2351 1425 2446 ipsi
1449 2375 1530 2422 cum
1552 2349 1597 2421 Ι).
1615 2351 1767 2422 Doctore
1793 2350 1863 2419 iam
1889 2365 2033 2438 ornato,
2060 2365 2094 2420 et
2118 2367 2217 2445 patre
2239 2355 2347 2446 ipsius

317 2497 421 2567 sitam
446 2511 539 2570 esse,
570 2477 738 2554 ut'sciret
756 2470 871 2549 Deum
897 2481 1000 2539 certo·
1013 2477 1304 2548 consecraturum
1356 2457 1435 2525 viro
1463 2454 1659 2524 clarissimo
1681 2465 1715 2522 et
1735 2451 1937 2522 doctissimo
1961 2467 2033 2522 tarn
2056 2455 2119 2524 diu
2145 2455 2347 2540 intercessit,

319 2620 393 2670 asse
405 2590 573 2663 Politiam
594 2583 635 2654 in
650 2579 760 2660 luda,
783 2575 897 2656 donec
912 2569 1133 2658 Redemptor
1154 2566 1307 2657 promis-
1331 2543 1334 2664 i
1358 2579 1511 2652 quorum
1532 2551 1661 2625 honori
1680 2568 1713 2624 et
1733 2554 1934 2640 foelicitati,
1959 2569 1993 2626 et
2009 2557 2083 2648 ipse
2099 2581 2139 2626 ex
2161 2559 2285 2628 animo
2299 2559 2347 2626 fg.

317 2723 382 2772 m,
412 2695 464 2765 ibi
497 2685 777 2776 conspiceretur,
811 2685 864 2748 -et'
894 2669 1094 2744 testimonia
1127 2669 1308 2738 doctrinae
1331 2675 1336 2804 q
1359 2671 1436 2744 vec,
1463 2671 1496 2727 et
1513 2657 1569 2726 me
1591 2652 1658 2727 hoc
1679 2657 1808 2745 puerili
1825 2655 1941 2738 officio
1958 2658 2089 2726 servire
2105 2661 2231 2732 voluit.
2282 2659 2346 2730 l‘ro
2434 2679 2435 2742 l

320 2799 541 2876 ostenderet,
566 2800 600 2860 et
623 2778 817 2875 pronubis
835 2771 951 2846 hostia
979 2773 1093 2855 lieret,
1121 2769 1250 2840 deinde
1274 2781 1309 2838 et
1360 2785 1459 2829 more
1492 2761 1602 2850 igitur
1633 2753 1843 2829 Scholarum
1870 2759 2112 2852 quaestionem
2143 2786 2349 2856 proponam,

320 2899 541 2999 mefficmm
569 2906 644 2961 me
663 2885 768 2954 finem
792 2878 868 2948 giu,
887 2874 1052 2968 muriae,
1072 2887 1105 2956 eg
1128 2870 1310 2942 collectio·
1360 2877 1535 2952 sumptam
1552 2885 1593 2930 ex
1609 2857 1755 2930 historia
1770 2857 1854 2929 Divi
1873 2859 2076 2943 Laurentii,
2102 2865 2204 2932 cuius
2219 2891 2351 2934 memo-
2434 2917 2435 2926 κ

321 2997 404 3077 nem
426 2993 604 3071 Ecclesiae
627 3011 669 3058 ex
695 2981 872 3074 gentibus.
928 2975 1032 3046 Hanc
1057 2974 1252 3066 simplicem
1275 2984 1312 3041 et
1334 2999 1339 3118 Ι
1361 2965 1451 3035 riam
1481 2959 1649 3033 Ecclesia·
1669 2978 1750 3031 ante
1781 2985 1910 3052 paucos
1938 2963 2014 3038 dies
2043 2963 2250 3040 celebravig
2306 2962 2350 3035 Et

322 3106 481 3177 nativam
512 3089 723 3166 sententiam
759 3079 959 3152 firmissime
998 3076 1231 3156 retineamus,
1277 3087 1311 3142 et

324 3425 361 3482 et
383 3417 475 3476 recte
494 3412 720 3488 agnoscamus
741 3382 838 3455 hrrnc
858 3383 1086 3451 mediatorem
1111 3392 1145 3462 et
1160 3380 1312 3448 salvato-
1364 3371 1543 3452 amittere,
1571 3393 1676 3461 quarn
1702 3369 1870 3458 imperata
1888 3371 2014 3443 facere.
2066 3367 2113 3441 Et
2128 3373 2280 3464 primum
2296 3375 2351 3440 ri-

325 3533 421 3592 cem,
447 3523 551 3598 quern
571 3495 677 3564 laceb
692 3487 854 3559 nominat
870 3479 985 3561 Siloh,
1009 3505 1077 3574 qua
1096 3505 1181 3549 voce
1198 3481 1313 3550 salva-
1365 3475 1469 3543 detur
1483 3471 1643 3540 delinisse
1668 3494 1750 3540 suae
1769 3471 2004 3568 incolumitati
2029 3474 2223 3558 consulere,
2245 3498 2351 3566 prae·
2434 3459 2435 3504 3

324 3600 438 3684 torem
464 3595 652 3691 significari
674 3591 806 3661 iudico.
860 3583 907 3654 Et
922 3584 1034 3676 placet
1049 3595 1149 3651 vetus
1165 3578 1315 3676 Etyma·
1366 3575 1487 3644 sertim
1503 3593 1581 3642 curn
1596 3573 1703 3641 scierit
1724 3572 1854 3642 talibus
1867 3573 1970 3643 donis
1987 3590 2149 3660 ornatus,
2171 3587 2212 3644 ut
2225 3589 2352 3667 potue-

326 3713 421 3804 logia
436 3697 615 3781 Siloh,id
633 3689 702 3776 es't,
726 3693 841 3760 foetus
856 3687 990 3758 matris.
1040 3683 1243 3754 Acinetum
1265 3683 1315 3750 sic
1365 3677 1415 3745 rit
1436 3699 1515 3745 ccam
1536 3675 1653 3743 fructu
1669 3671 1846 3744 Ecclesiae
1862 3673 1931 3744 Dei
1949 3678 2092 3748 servire.
2146 3677 2356 3772 ldquepro-

328 3811 490 3886 nominat
507 3805 552 3876 ab
569 3799 709 3870 infirma
731 3789 891 3872 fasciola,
903 3789 1008 3882 'quae
1023 3784 1231 3854 nominatur
1248 3775 1332 3876 χό-Ι
1366 3778 1445 3848 bari
1462 3789 1574 3868 potest
1590 3770 1658 3844 hoc
1673 3791 1898 3866 argumento:

329 3939 423 4010 (κον.
476 3903 601 3976 Voluit
626 3899 720 3969 enirn
745 3891 939 3984 significare
962 3889 1088 3971 Iacob,
1114 3885 1226 3956 filium
1249 3883 1316 3955 Dei
1417 3880 1567 3952 Latroni
1582 3891 1745 3969 ereptura
1760 3880 1879 3962 vitam,
1905 3879 1974 3948 nisi
1991 3881 2139 3971 pecunia
2156 3883 2272 3968 detur,
2297 3907 2357 3973 po-

330 4019 600 4104 adsnmpturum
623 4023 695 4070 esse
717 3997 893 4066 iullrmam
921 3988 1142 4081 pelliculam,
1167 3987 1316 4058 moritu·
1471 3984 1541 4070 tius
1556 3981 1704 4072 pecnnia
1720 3981 1837 4050 danda
1852 3997 1920 4064 cst,
1947 4007 2052 4074 quam
2066 3983 2264 4054 amittenda
2279 3985 2357 4068 vita,

333 4139 431 4200 tarn,
458 4125 493 4179 et
513 4101 703 4198 horribiles
725 4097 866 4167 dolores
884 4105 918 4162 et
935 4113 1075 4160 sensum
1092 4091 1164 4158 irae
1178 4087 1245 4160 Dei
1261 4103 1318 4160 to·
1471 4084 1553 4172 quia
1574 4107 1615 4150 cx
1632 4083 1773 4152 duobus
1790 4082 1892 4152 malis
1909 4083 1991 4176 eligi
2008 4085 2112 4154 debet
2128 4087 2165 4155 id
2184 4089 2283 4181 quod
2297 4088 2357 4154 mi·

333 4223 543 4290 leraturarn,
566 4223 655 4305 quae
669 4213 788 4272 tamen
805 4199 924 4266 lutura
940 4207 1029 4263 esset
1046 4191 1182 4262 victrix.
1472 4207 1540 4267 nus
1554 4197 1616 4258 est.

1420 4283 1622 4356 Praefectus
1639 4282 1866 4376 Imperatoris
1879 4285 2032 4378 petebat,
2045 4311 2133 4357 uon
2149 4291 2264 4360 vitam
2272 4289 2358 4360 Lin-
2434 4345 2435 4356 ,

425 4419 669 4508 Agnoscamus
686 4417 802 4474 autem
820 4422 886 4468 nos
900 4421 980 4468 vere
995 4419 1074 4474 reos
1089 4405 1123 4464 et
1139 4407 1319 4464 cruentam
1433 4413 1435 4420 ·
1474 4387 1599 4472 rentii,
1620 4387 1681 4456 sed
1699 4387 1899 4477 pecuniam:

332 4521 643 4622 peniculamesse,
666 4509 728 4578 sed
745 4498 1070 4583 ideonosservari,
1097 4495 1321 4590 quiafasciu-
1422 4485 1519 4579 Ergo
1541 4487 1755 4560 Laurentius
1778 4487 1903 4558 debuit
1922 4489 2107 4581 pecuniam
2126 4492 2216 4564 dare
2240 4446 2360 4586 potius,
2434 4495 2435 4498 ’

1362 3090 1493 3160 quaero
1511 3086 1551 3132 ex
1566 3079 1600 3136 te
1616 3063 1807 3134 clarissime
1822 3061 1865 3132 D.
1880 3063 2033 3150 Ductor,
2060 3085 2153 3137 recte
2171 3092 2217 3136 ne
2236 3069 2351 3138 feccrit
2412 3099 2416 3108 ’

321 3209 509 3281 discamus,
526 3195 611 3288 quid
629 3185 767 3260 intersit
783 3185 875 3274 iuter
890 3181 1000 3268 legem
1018 3193 1052 3248 ct
1064 3173 1312 3272 Evangelium,
1363 3167 1601 3252 Laurentius,
1634 3165 1694 3258 qui
1717 3165 1831 3235 iussus
1858 3167 1996 3236 tradere
2021 3170 2207 3259 pecuniam
2231 3167 2352 3240 Eccle-
2411 3233 2414 3240 ,

324 3310 421 3379 inter
443 3313 619 3372 aeternam
642 3287 835 3368 iusticiam,
868 3296 902 3352 et
926 3278 1109 3371 politicum
1137 3277 1312 3360 ordinem,
1336 3333 1341 3410 ἱ
1364 3269 1435 3356 siae
1466 3269 1640 3370 praelecto
1674 3268 1774 3335 urbis
1802 3265 2002 3354 Romanae,
2046 3269 2210 3340 maluerit
2243 3273 2351 3340 vitam
2434 3291 2435 3294 ,

335 4631 408 4700 lam
429 4635 576 4694 nostrae¹
589 4623 736 4681 naturae
759 4605 854 4674 lilius
875 4601 943 4673 Dei
967 4599 1035 4670 sibi
1057 4597 1258 4689 copulavit,
1281 4619 1323 4666 ac
1476 4615 1581 4685 quam
1601 4589 1773 4685 Tyranno
1797 4613 1926 4683 corpus
1949 4591 2153 4664 crudelibus
2176 4597 2362 4666 modiola·
2434 4627 2435 4634 κ

337 4739 521 4824 propterea
537 4729 673 4788 nostras
689 4705 869 4800 pelliculas
883 4701 1021 4785 induit,
1040 4715 1081 4772 ut
1097 4699 1271 4768 iusticiam
1288 4711 1324 4768 et
1476 4695 1667 4764 cerandum
1682 4691 1847 4764 obiicere.
1872 4691 1887 4704 “

336 4829 447 4900 vitam
468 4821 573 4894 nobis
594 4813 727 4887 reddat.
779 4807 848 4878 Sed
871 4800 958 4874 haec
981 4825 1083 4894 saepe
1100 4799 1187 4870 alias
1202 4799 1324 4890 copio-
1811 4791 1919 4865 qum,

215 4971 218 4978 Δ
339 4932 412 5002 sius
430 4924 663 4996 declarantur.
714 4907 793 4981 Oro
816 4922 933 4978 autem
956 4899 1053 4974 bunc
1074 4903 1190 4994 ipsum
1209 4901 1322 4971 filium
1427 4893 1587 4968 Ministri
1603 4891 1780 4967 Ecclesiae
1802 4919 1876 4966 non
1894 4897 2024 4986 debent
2044 4901 2237 4992 pecuniam
2259 4901 2364 4996 pluris
2434 4863 2435 4882 i

338 5027 508 5120 riaginis,
555 5017 752 5092 Dominum
786 5021 947 5078 nostrum
983 5003 1100 5076 lesum
1131 4997 1325 5088 Christum,
1477 5001 1608 5084 lacere,
1632 5021 1740 5093 quana
1763 5000 1891 5083 vitam,
1917 4999 2013 5070 iuxta
2036 5001 2144 5072 illud:
2179 5002 2364 5076 Ausercnti
2434 5051 2435 5058 ι

340 5129 543 5208 crucifixum
567 5145 631 5214 pro
656 5114 760 5187 nobis
776 5125 810 5180 et
825 5107 1089 5192 resuscitatum,
1112 5115 1155 5174 ut
1171 5097 1234 5173 iras
1253 5107 1326 5174 lra—
1479 5099 1647 5191 pallium,
1670 5101 1823 5170 concede
1839 5113 1873 5170 ct
1893 5100 2063 5174 tunicam.

340 5233 425 5330 giles
437 5223 617 5304 fasciolas,
642 5219 765 5300 idest,
788 5211 984 5302 nosipsos,
1010 5221 1044 5278 et
1066 5219 1185 5292 coetus
1201 5203 1324 5276 Ecclc·
1427 5201 1641 5280 Laurentius
1668 5201 1971 5276 conservationem
2002 5207 2172 5298 pecuniae
2202 5207 2366 5302 praetulit

330 5323 416 5408 'siae'
447 5345 482 5404 ct
514 5321 664 5399 Scholae
703 5317 894 5388 clementer
929 5311 1102 5401 gubernet
1133 5321 1168 5379 et
1201 5317 1326 5382 secret.
1480 5322 1562 5372 suae
1579 5305 1681 5377 vitae.

339 5438 433 5510 Dixi.
527 5469 547 5489 -
802 5423 803 5426 ’
1229 5435 1250 5468 -·
1427 5397 1524 5496 Ergo
1537 5427 1615 5476 non
1632 5403 1830 5478 rettulerit.
