4884 5950
268 263 344 354 'iil

271 444 425 581 w.

1066 479 1116 522 en.
1148 454 1243 546 lodo.

343 651 374 710 ir
391 649 519 708 Ontion.
531 647 566 706 Τ.
576 640 611 700 V.
625 663 653 721 p.
660 645 713 702 205
725 664 784 718 sq..
801 645 1165 724 inOmlionibunpomm,
1179 650 1272 723 pil&

275 793 279 804 Ι
378 733 406 780 st
418 719 490 794 speci
504 715 632 774 Richard.
647 721 670 774 1.
689 736 716 790 p.
731 715 792 774 608.

278 885 457 974 Quaestio
489 883 655 952 recitata
690 899 716 950 o
753 899 870 1080 pugo
912 881 1119 974 casparo
1153 887 1274 956 Peu-

528 995 530 1000 ’
649 1001 774 1073 cero,
850 985 899 1055 io.

278 1119 369 1204 Vox
382 1129 470 1202 Filii
491 1125 559 1200 Dei
583 1126 732 1200 Domini
756 1130 869 1200 nostri
885 1130 964 1200 lesu
986 1124 1120 1200 Christi
1138 1131 1272 1228 inquit:

277 1235 396 1310 Sinite
422 1233 590 1324 parvulos
615 1232 737 1301 venire
765 1234 809 1301 ad
838 1256 913 1317 me,
952 1233 1036 1325 quia
1068 1235 1194 1306 talium
1222 1249 1275 1306 est

278 1359 429 1430 regnum
459 1335 651 1405 coelorum.
716 1332 786 1404 Pro
812 1329 877 1404 hac
909 1335 1082 1406 immensa
1114 1337 1274 1410 bonitate

278 1439 356 1514 Deo
371 1438 529 1530 primum
542 1437 670 1527 gratian
684 1459 767 1526 ago,
800 1437 897 1530 quod
912 1459 969 1506 me
983 1451 1018 1508 et
1032 1437 1166 1508 similes
1179 1442 1223 1510 ad
1238 1463 1273 1512 sc

280 1553 407 1627 vocat,
432 1553 468 1610 et
490 1538 596 1608 nobis
615 1539 762 1610 salutem
785 1539 824 1610 in
850 1535 916 1609 hac
935 1539 1008 1610 vita
1032 1553 1068 1610 et
1087 1538 1273 1636 posthanc

280 1644 393 1716 vitam
419 1641 607 1734 promittit.
664 1636 713 1714 Et
735 1641 820 1734 quia
845 1665 910 1712 nos
933 1642 1096 1712 adfirmat
1115 1647 1273 1724 membra

280 1768 355 1818 csse
378 1767 461 1816 suae
476 1738 675 1828 Ecclesiae,
700 1756 775 1814 toto
790 1757 932 1836 pectore
953 1766 1034 1816 eum
1051 1769 1133 1827 oro,
1160 1759 1200 1817 ut
1217 1771 1273 1816 me

281 1861 317 1920 et
330 1860 495 1940 parentes
509 1869 606 1916 meos
620 1846 793 1936 gubernet
808 1859 843 1917 et
856 1859 1027 1938 protegat.
1079 1847 1223 1918 Deinde
1240 1862 1275 1919 et

278 1975 346 2044 pro
372 1945 441 2020 hoc
465 1949 636 2018 beneficio
659 1948 791 2038 gratias
815 1971 880 2039 ago
903 1949 982 2018 Deo
1012 1961 1155 2020 aeterno
1182 1951 1272 2042 patri

275 2050 426 2126 Domini
443 2051 557 2122 nostri
568 2047 646 2121 iesu
653 2045 808 2135 Christi,
829 2051 926 2144 quod
940 2073 998 2119 me
1012 2051 1127 2124 voluit
1140 2066 1275 2146 specta-

204 2237 206 2243 ,
279 2165 393 2228 torem
406 2167 441 2224 et
458 2165 636 2224 oratorem
653 2173 727 2221 esse
748 2152 787 2220 in
810 2147 880 2222 hoc
894 2147 1144 2226 honestissimo
1160 2170 1274 2230 coetu.

281 2249 361 2326 Oro
382 2253 493 2345 igitur
515 2251 648 2326 Filium
669 2251 738 2324 Dei
757 2249 954 2325 Dominum
977 2269 1140 2328 nostrum
1156 2255 1275 2330 lesum

279 2353 483 2442 Christum,
515 2355 720 2427 crucifixum
744 2381 809 2449 pro
831 2357 937 2428 nobis
960 2373 993 2428 et
1016 2361 1275 2442 resuscitatum,

278 2471 321 2531 nt
337 2473 372 2530 et
386 2454 480 2529 hanc
494 2452 722 2528 Academiam
738 2481 875 2552 semper
888 2461 1084 2549 gubernet,
1110 2475 1143 2533 et
1159 2475 1273 2534 totum

276 2581 423 2633 cursum
439 2555 637 2631 charissimi
659 2559 776 2634 Patris
796 2561 866 2632 mei
881 2558 999 2652 regat.'
1042 2561 1143 2636 Sicut
1156 2579 1274 2636 autem

280 2664 499 2736 consuetudo
516 2676 587 2744 est,
610 2684 771 2755 propono
783 2666 1044 2758 quaestionem:
1073 2663 1132 2736 Aa
1150 2667 1275 2762 cogni-

278 2763 333 2835 tio
353 2773 517 2836 motuum
539 2760 744 2835 coelestium
774 2763 1025 2838 conservando
1053 2768 1104 2838 sit
1128 2777 1276 2869 propter

279 2863 508 2954 Ecclesiam,
530 2860 696 2938 Politice
718 2877 749 2938 et
771 2864 1076 2940 medicationem?
1125 2873 1179 2944 De
1208 2870 1274 2943 hac

277 2971 485 3067 quaestione
498 2971 654 3064 primum
670 2966 737 3042 hoc
749 2987 999 3062 argumentum
1017 2999 1177 3067 oppono:
1267 2987 1270 2995 “

329 3085 432 3160 Nihil
448 3091 591 3182 prodest
606 3091 696 3160 scire
714 3103 830 3160 motus
847 3095 986 3164 sublata
1006 3094 1243 3183 divinatione,

329 3187 515 3262 Divinatio
529 3204 647 3263 autem
662 3194 737 3283 lege
754 3189 822 3262 Dei
834 3190 1016 3286 prohibita
1037 3211 1097 3266 est.
1204 3185 1208 3192 ⁴

328 3287 426 3384 Ergo
441 3289 533 3363 nihil
549 3293 695 3384 prodest
707 3294 797 3364 scire
814 3309 942 3366 motus.

381 3409 461 3482 Hoc
475 3421 722 3503 argumentum
738 3427 948 3504 praetexunt
961 3417 1065 3490 multi
1076 3441 1158 3488 suae
1173 3419 1272 3510 igna-

279 3515 375 3600 viae,
405 3539 451 3584 ne
479 3515 620 3584 discant
649 3515 801 3608 optimas
824 3517 1004 3588 doctrinas
1025 3521 1070 3589 de
1094 3523 1272 3604 numeris,

277 3615 418 3710 liguris,
442 3627 477 3688 et
492 3615 648 3688 motibus
663 3617 891 3705 coelestibus,
909 3643 1008 3714 quae
1025 3637 1142 3691 lamen
1157 3650 1197 3694 eo
1214 3649 1273 3693 ex-

276 3722 449 3812 petendae
472 3733 572 3800 sunt,
605 3719 690 3814 quia
712 3720 905 3792 clarissime
929 3725 1141 3810 ostendunt,
1175 3721 1272 3795 hunc

278 3823 443 3892 ordinem
462 3821 500 3890 in
528 3833 656 3892 natura
677 3847 754 3892 non
769 3847 852 3896 casu
869 3839 987 3895 ortum
1005 3851 1093 3912 esse,
1120 3831 1180 3897 sed
1199 3852 1272 3897 esse

276 3937 434 3994 mentem
468 3917 804 3998 Architectatricem.
861 3925 1023 3997 Primum
1059 3943 1177 3999 autem
1208 3956 1272 4000 ne-

278 4029 393 4117 ganda
416 4037 469 4096 est
492 4026 624 4111 maior,
651 4052 742 4121 quae
757 4027 874 4113 dicit„
887 4031 1024 4100 nullam
1043 4053 1116 4100 esse
1132 4033 1270 4103 utilita-

277 4141 348 4198 tem
363 4127 747 4217 cognitionismotuum
762 4131 900 4202 sublata
912 4133 1144 4206 divinatione.
1179 4133 1271 4206 Sunt

278 4228 374 4301 enim
396 4229 486 4298 aliae
509 4229 698 4316 utilitates,
729 4255 878 4325 quarum
896 4235 1009 4324 prima
1027 4249 1077 4306 est
1093 4260 1270 4306 annorum

278 4332 479 4417 distinctio,
505 4356 595 4426 quae
609 4333 803 4404 necessaria
823 4349 873 4406 est
886 4332 1065 4408 Ecclesiae
1088 4352 1122 4407 et
1137 4340 1271 4430 palitiis

277 4435 315 4503 in
331 4429 481 4505 historia
498 4447 532 4504 et
548 4436 717 4506 continua
738 4437 1005 4525 gubernatione.
1065 4439 1199 4529 Quales
1220 4455 1272 4512 te-

278 4536 409 4607 nebrae
425 4537 464 4608 in
485 4536 558 4606 vita
574 4551 709 4624 essent,
735 4537 765 4606 si
781 4552 822 4609 ut
837 4541 950 4612 boves
966 4557 1061 4613 retro
1076 4557 1272 4634 spectantes

278 4639 414 4708 nnllam
430 4655 630 4731 temporum
647 4641 913 4713 distinctionem
930 4645 1177 4716 cerneremus?

379 4739 470 4825 Cum
495 4755 612 4812 autem
642 4743 730 4814 velit
752 4743 847 4814 Deus
871 4771 1046 4818 annorum
1072 4746 1271 4817 distinctio-

280 4863 362 4911 nem
384 4857 505 4913 notam
532 4869 623 4929 esse,
657 4847 858 4918 observatio
882 4863 1044 4920 motuum
1075 4847 1270 4919 necessaria

189 5009 191 5014 .
278 4957 349 5030 est,
375 4945 458 5037 quia
475 4946 551 5015 sine
575 4947 822 5018 observatione
837 4951 1004 5022 constitui
1024 4963 1136 5022 metae
1155 4973 1271 5020 anno·

51 5839 218 5926 A

277 5071 358 5128 rum
376 5069 451 5114 non
466 5062 623 5136 possunt.

380 5141 445 5218 Est
469 5164 586 5219 alitem
606 5164 642 5221 et
663 5145 731 5220 hoc
759 5153 898 5242 signum
921 5155 1058 5245 placere
1079 5153 1156 5225 Deo
1180 5149 1271 5224 banc

280 5251 502 5342 diligentiam
516 5253 740 5322 discernendi
751 5276 882 5340 annos,
906 5257 989 5350 quia
1005 5257 1079 5349 ipse
1094 5276 1271 5328 annorum

281 5356 426 5435 seriem,
453 5355 498 5422 ab
512 5353 617 5424 initio
632 5357 759 5425 mundi
776 5359 1017 5445 conservavit,
1043 5383 1083 5429 ac
1101 5383 1271 5450 magnum

258 5639 388 5852 c

863 259 1282 370 dolusrtouns
1316 261 1717 354 colonomon

2242 265 2318 349 bii

1325 442 1412 519 haec
1436 449 1561 536 series,
1593 463 1630 521 et
1651 448 1796 546 quidem
1811 441 1903 517 baec
1932 439 2155 516 musorvati'o
2174 443 2320 536 signum

1051 547 1267 586 Μ
1322 563 1379 622 est
1401 552 1569 647 aliquod,
1611 552 1723 623 solius
1753 539 1931 621 Ecclesiae
1963 547 2164 618 doctrinam
2198 571 2320 618 veram

1325 677 1410 727 esse.
1461 651 1550 726 Erat
1569 654 1679 744 igitur
1693 655 1910 746 prudentum
1930 653 2208 742 gubematomm
2223 673 2321 722 nunc

1325 777 1468 850 quoque
1501 771 1646 844 curare,
1686 771 1727 828 ut
1756 779 1839 826 vera
1868 750 2027 824 Ecclesia
2042 745 2046 754 ’
2061 755 2321 846 possessionem

1324 853 1433 928 buius
1454 853 1714 952 pulcherrimae
1733 858 1916 929 doctrinae
1945 857 2131 940 retineret,
2159 871 2196 928 et
2216 877 2321 948 spero

1325 959 1442 1030 Deum
1471 962 1587 1054 ipsum
1610 959 1789 1034 Ecclesiae
1813 956 1996 1031 custodem
2026 959 2194 1052 deinceps
2214 959 2319 1040 etism

1325 1057 1394 1132 hoc
1410 1065 1517 1133 decus
1535 1064 1574 1131 in
1589 1057 1747 1135 Ecclesia
1766 1077 2057 1134 conservaturum
2073 1083 2159 1135 esse.
2220 1057 2320 1132 Gau-

1325 1167 1392 1235 deo
1408 1167 1513 1236 etiam
1531 1191 1649 1237 meum
1665 1181 1800 1259 patrem
1816 1162 1882 1258 hep
1896 1158 1934 1232 in
1949 1187 1988 1234 re
2006 1164 2133 1232 studiis
2148 1164 2320 1248 serviisse,

1325 1281 1360 1338 et
1377 1269 1496 1338 Deum
1512 1275 1595 1356 oro',
1620 1283 1661 1341 ut
1677 1294 1734 1341 me
1756 1269 1804 1340 ita
1822 1269 2014 1359 gvrbcrnet,
2041 1279 2083 1336 ut
2096 1266 2242 1356 vestigia
2257 1289 2319 1358 pa·

1325 1369 1390 1439 tris
1405 1394 1544 1464 sequar.

1427 1473 1567 1544 Deinde
1600 1473 1889 1565 respondendum
1924 1485 1976 1543 est
2002 1472 2107 1542 etad
2133 1471 2320 1550 minorem,

1325 1599 1415 1668 quae
1432 1575 1673 1645 divinationes
1687 1568 1888 1667 prohibitae
1904 1587 2000 1648 sunt.
2043 1571 2125 1646 Una
2141 1568 2319 1666 Manias}

1325 1678 1486 1748 omnium
1502 1701 1638 1748 summa
1655 1691 1724 1762 est,
1750 1701 1840 1770 quae
1852 1691 1944 1748 certe
1959 1677 2113 1746 maxime
2126 1677 2317 1768 expetenda

1325 1793 1396 1866 est,
1419 1782 1517 1875 quod
1539 1780 1720 1866 videlicet,
1753 1793 1788 1850 et
1804 1793 1966 1850 motuum
1986 1779 2076 1850 ordo
2089 1793 2124 1849 et
2137 1778 2318 1849 doctrinae

1327 1895 1503 1952 testantur
1519 1905 1592 1952 esse
1608 1879 1725 1952 Deum
1742 1882 1935 1973 sapientiae
1950 1881 2098 1954 iontem.

1428 1983 1532 2057 Hanc
1544 1979 1730 2078 μαντικὴν
1743 1985 1880 2076 placere
1894 1979 2080 2054 Deo'nihil
2091 1982 2244 2054 dubium
2259 1997 2320 2067 est,

1328 2107 1418 2180 quae
1432 2087 1576 2181 quidem
1593 2087 1745 2158 maxime
1762 2087 1910 2157 incitare
1930 2109 1995 2158 nos
2012 2089 2056 2156 ad
2076 2082 2138 2156 has
2153 2099 2247 2154 artes
2264 2085 2321 2154 di-

1327 2191 1473 2261 scendas
1496 2191 1622 2276 debet,
1654 2191 1699 2258 de
1724 2189 1855 2283 quibus
1878 2189 1929 2260 ait
1954 2187 2074 2260 Plato:
2109 2185 2260 2258 Gratam
2276 2187 2321 2258 de

1327 2291 1402 2362 Deo
1428 2293 1557 2362 lamam
1578 2292 1617 2360 in
1638 2292 1775 2362 artibus
1795 2314 1950 2384 sparsam
1974 2313 2064 2360 esse:
2103 2288 2210 2360 Nunc
2235 2313 2320 2359 vero

1327 2391 1658 2465 carissimePatera
1672 2407 1706 2464 te
1720 2407 1823 2486 peto,
1847 2409 1887 2468 ut
1908 2395 1953 2462 de
1969 2389 2035 2464 hac
2049 2405 2122 2462 tota
2140 2392 2321 2485 quaestio·

1326 2521 1372 2568 ne
1388 2495 1566 2588 copiosius
1580 2497 1748 2582 disseras,
1769 2510 1806 2567 et
1821 2521 1885 2568 oro
1905 2493 2040 2582 Deum,
2068 2507 2110 2565 ut
2128 2494 2319 2566 clementer

1326 2621 1391 2668 nos
1406 2599 1577 2690 gubernet
1591 2613 1625 2672 et
1638 2613 1807 2691 protegat.
1840 2595 1957 2668 ‚Dixi

1326 2777 1442 2846 Brevis
1464 2777 1639 2866 liespoau'o
1660 2779 1705 2847 od
1727 2775 1947 2867 quacnioncm
1967 2783 2000 2846 et
2017 2775 2205 2866 proliacum
2226 2777 2319 2844 actio

1427 2897 1617 2972 Carissimo
1646 2893 1738 2988 Fili,
1774 2924 1865 2994 quae
1891 2901 2009 2970 abste
2037 2901 2081 2968 de
2102 2900 2318 2993 quaestione,

1326 3027 1432 3096 quam
1455 3005 1690 3095 proposuisti,
1717 3003 1961 3094 explicationis
1982 3025 2084 3072 causa
2106 3004 2200 3072 dicta
2224 3015 2316 3080 sunt,

1326 3129 1365 3174 ea
1393 3106 1574 3176 verissima
1607 3129 1679 3176 esse
1702 3107 1885 3180 assentior·
1951 3103 2101 3176 Possent
2133 3105 2219 3174 addi
2248 3103 2314 3174 alia

1326 3209 1499 3300 quaedam
1514 3233 1554 3278 cx
1571 3208 1796 3278 Medicorum
1821 3206 1984 3279 doctrina
2002 3220 2036 3276 et
2049 3207 2263 3290 observatis,
2288 3205 2317 3276 si

1325 3309 1382 3378 vel
1403 3309 1439 3378 id
1465 3310 1541 3379 fieri
1557 3324 1738 3407 pateretur
1757 3310 1915 3400 angustia
1934 3309 2123 3401 temporis,
2149 3309 2204 3376 vel
2227 3331 2315 3399 opus

1326 3425 1414 3481 esset
1429 3413 1524 3482 mole
1538 3425 1828 3502 argumentorum
1852 3411 1888 3480 in
1905 3435 1944 3480 re
1960 3411 2152 3482 manifesta.
2205 3406 2316 3478 Gale-

1325 3537 1392 3584 nus
1402 3513 1749 3600 discernensfontcs,
1771 3537 1791 3583 a
1806 3513 1935 3608 quihus
1944 3507 2108 3594 ἐνδείξεις
2122 3511 2192 3603 peti
2201 3529 2314 3601 opon-

1324 3630 1373 3687 tet
1395 3617 1671 3686 medicationum
1694 3615 1872 3698 omnium,
1908 3639 1998 3708 quae
2030 3617 2136 3696 fiunt,
2169 3613 2317 3685 tertium

1324 3718 1507 3789 constituit
1520 3714 1563 3790 τὸ
1577 3714 1762 3812 περιέχον,
1786 3719 1883 3812 meod
1898 3732 1939 3787 ut
1954 3717 2029 3810 ipse
2042 3717 2176 3810 inquit:
2204 3708 2319 3815 λόγον

1324 3819 1395 3913 ἔχει
1410 3813 1525 3892 ἐνιότε
1535 3814 1605 3913 μὲν
1622 3817 1711 3913 ὕλης
1732 3816 1908 3913 impietas,
1944 3822 2172 3902 cumfmorbo
2189 3821 2318 3888 adver·

1324 3939 1436 3993 satur:
1471 3917 1588 3996 inscios
1611 3917 1653 3995 di
1673 3918 1723 4003 ὡς
1745 3918 1868 3994 αἰτίου
1882 3915 2127 4008 modionas,
2157 3941 2239 3992 cum
2261 3921 2315 3988 vel

1324 4025 1426 4096 affert
1441 4039 1546 4120 atque
1561 4027 1708 4116 infligit,
1735 4025 1791 4094 vel
1808 4026 1917 4109 iovet,
1944 4025 2000 4093 vel
2016 4039 2121 4113 auget
2136 4025 2315 4094 morbum.

1324 4123 1383 4198 Ad
1407 4129 1658 4198 medicationes
1679 4151 1763 4197 vcro
1789 4128 1926 4198 confert
1947 4127 2002 4207 id,
2027 4128 2127 4220 quod
2144 4151 2239 4220 quae
2255 4122 2317 4195 ba·

1324 4231 1411 4302 bent
1426 4233 1601 4300 rationem
1618 4219 1672 4302 ὦν
1689 4225 1759 4301 οὐκ
1773 4228 1875 4302 ἄνευ.
1924 4226 2057 4300 Causas
2079 4253 2165 4299 vero
2179 4245 2219 4299 et
2232 4251 2314 4299 cou-

1324 4333 1549 4404 stitutionum
1573 4333 1792 4404 diversarum
1814 4346 1858 4402 ‚et
1885 4331 2123 4402 mutationum
2152 4336 2225 4402 τοῦ
2256 4355 2313 4400 ns·

1324 4431 1528 4530 ριέχοντος,
1555 4436 1595 4503 in
1611 4436 1735 4504 iisdem
1752 4448 1785 4504 ct
1802 4434 1952 4504 diversis
1965 4433 2069 4517 locis,
2096 4447 2193 4504 recle
2212 4433 2316 4502 reiert

1324 4539 1362 4606 in
1385 4540 1584 4630 regionem,
1618 4537 1703 4607 anni
1728 4549 1887 4626 tempus,
1922 4549 1957 4606 et
1981 4557 2088 4629 quam
2115 4536 2190 4625 ipse
2218 4547 2317 4604 vocet

1323 4635 1564 4715 κατάστασιν.
1621 4637 1736 4730 Regio
1759 4639 1840 4708 talis
1860 4652 1930 4724 est,
1962 4639 2059 4732 quod
2089 4653 2167 4708 tum
2190 4652 2316 4708 natura

1323 4760 1497 4816 terrarum
1511 4741 1693 4813 dissimilis
1708 4755 1759 4812 est
1768 4741 1936 4832 temperie
1948 4755 1983 4811 et
1992 4741 2225 4834 qualitatibus
2239 4739 2318 4818 soli,

1325 4869 1521 4940 eorumque
1535 4869 1626 4940 quae
1641 4859 1734 4914 terra
1755 4845 1983 4915 continentur
1996 4857 2029 4912 et
2041 4843 2179 4912 inclusa
2195 4843 2317 4918 latent,

1324 4951 1480 5044 itemque
1505 4969 1695 5042 aquarum,
1727 4960 1760 5017 et
1784 4947 1895 5038 ligura
1920 4946 2115 5017 extantium
2132 4943 2318 5036 superficie

1324 5067 1427 5122 tenus
1444 5053 1598 5144 partium
1613 5063 1718 5144 atque
1734 5064 1936 5132 enatorum,
1962 5061 2038 5118 tum
2055 5049 2151 5140 quod
2171 5046 2253 5115 talis
2268 5059 2317 5114 est

1325 5155 1400 5224 eius
1420 5155 1556 5245 positus
1576 5155 1620 5221 ad
1643 5153 1768 5222 mundi
1791 5151 1970 5236 medium,
2004 5145 2252 5242 habitudoque
2273 5149 2317 5218 ad

1325 5257 1392 5326 iter
1412 5255 1529 5336 Solis,
1561 5253 1687 5326 Lunae
1707 5275 1746 5323 ac
1764 5252 2008 5344 planetarum,
2033 5266 2071 5323 et
2083 5249 2315 5341 congruentis

1323 5374 1429 5453 atque
1453 5359 1638 5428 consensio
1660 5357 1741 5427 talis
1773 5379 1853 5426 cum
1875 5353 2062 5446 triangulis
2081 5367 2119 5425 et
2138 5353 2317 5423 sideribus

221 5547 232 5570 ›
281 5459 389 5528 decus
406 5470 457 5527 est
471 5453 668 5543 Ecclesiae,
695 5459 791 5551 quod
808 5459 846 5528 in
862 5484 900 5530 ea
916 5463 989 5533 sola
1007 5476 1212 5535 conservata
1228 5461 1273 5532 sit
1324 5463 1432 5552 coeli,
1473 5461 1511 5531 id
1544 5475 1614 5548 est,
1652 5453 1717 5532 deci
1739 5451 1808 5551 τὴν
1835 5451 2031 5531 distracti
2056 5451 2317 5530 ovrooees'moee
