4884 5950
294 157 374 262 set
734 112 739 128 ’
879 171 1299 286 Quausrtouus
1350 177 1751 263 acroamate
1843 177 1846 182 ’
2249 181 2328 260 sss

303 381 380 436 tem
398 352 653 447 obligationem
672 351 889 444 intelligere,
911 364 1063 446 quarum
1085 353 1195 424 altera
1212 353 1284 423 tol·
1306 365 1311 468 ι
1336 361 1510 444 Qumeio
1547 366 1743 454 proposito
1771 359 1834 434 'ab
1873 357 2129 452 adolemus,
2177 359 2330 436 Paul.

303 465 409 544 litor,
433 459 545 536 altera
564 469 615 528 est
637 468 790 529 aeterna.
838 453 894 526 Ac
913 453 1091 550 sapienter
1113 449 1200 526 baec
1225 478 1284 546 ge·
1307 477 1310 502 ¹
1336 461 1497 554 Ebora,
1529 465 1687 538 Baeton·
1713 463 1936 538 conrado
1953 464 2154 549 Becker,
2184 467 2335 540 Bm,-
2421 517 2422 560 ,

303 587 390 640 uera
404 565 612 636 discernunt
626 555 892 644 iurisconsulti,
924 559 1124 630 naturalem
1147 557 1285 650 obliga·
1436 627 1439 634 .
1479 567 1638 660 nicensi,
1664 567 1701 642 d.
1726 563 1763 643 6.
1788 566 1985 642 Nauembe.
2015 591 2051 642 o.
2080 565 2192 645 155ss

302 671 461 751 tionem,
485 676 521 736 et
540 661 692 735 civilem.
741 656 870 731 Civilis
894 675 965 748 est,
991 685 1072 730 cum
1094 658 1286 751 Magistra-

305 788 363 844 tus
386 767 481 858 cogit
503 776 680 857 praestare
699 762 880 847 debitum,
905 775 940 833 et
961 763 1065 854 punit
1083 787 1160 832 non
1183 787 1287 853 prae-

304 885 466 946 stantem.
516 863 571 937 De
596 859 663 934 hac
677 865 896 956 obligatione
920 865 1057 960 inquit:
1087 861 1188 936 Nihil
1209 865 1288 936 cui-

1337 703 1432 790 Non
1456 731 1538 790 utar
1562 719 1692 794 usitato
1711 722 1877 804 exordio,
1904 719 1943 792 iu
1967 747 2039 818 quo
2063 721 2243 794 excusatio
2267 733 2333 806 est,

1339 845 1404 891 cur
1417 821 1522 914 pueri
1537 821 1576 892 in
1591 837 1694 894 coetu
1710 825 1891 896 seniorum
1916 823 2088 900 dicamus.
2139 821 2212 896 Sed
2235 819 2331 896 mihi

304 997 373 1072 qu,
397 968 572 1054 debenus,
597 967 635 1037 id
658 981 726 1052 m,
753 980 889 1037 ,mm
909 967 1004 1056 leges
1027 980 1286 1056 contractuum,
1338 921 1509 1014 peculiari
1528 927 1751 1047 epcrrsatione
1768 951 1859 1022 opus
1875 939 1946 1013 est,
1971 951 2036 998 cur
2051 925 2155 1000 toties
2177 921 2334 1047 huc-ro-

304 1099 370 1150 nec
387 1073 465 1146 sitis
477 1071 584 1142 iures.
636 1065 689 1140 lta
711 1069 825 1139 sancit
839 1093 908 1138 vox
932 1069 1056 1140 divina
1081 1070 1176 1160 leges
1199 1094 1285 1140 con·
1340 1025 1456 1101 deam·
1514 1023 1605 1100 Εὐ*
1629 1053 1682 1099 ”²¹
1710 1053 1813 1101 ⁰³¹¹st
1838 1043 1890 1104 ⁰⁵²
1915 1029 2110 1103 mu¹1⁰ffl¹¹¹
2131 1043 2335 1116 m⁰t⁰⁸¹l252

303 1189 502 1259 tractuum,
523 1185 558 1244 et
574 1171 652 1243 vult
668 1167 893 1242 Christianos
914 1171 952 1240 iu
967 1165 1024 1241 his
1040 1171 1207 1242 civilibus
1223 1173 1288 1243 oi·
1341 1129 1590 1222 qnigravaiim
1606 1132 1863 1224 ⁰b¹⁰¹¹¹P²f³¹¹b
1914 1125 1994 1227 Εὸθ
2018 1132 2232 1205 ὓῖἷθῑῐῙῖῑῦῐθ
2246 1157 2333 1225 Pet·
2388 1225 2391 1228 ¹

303 1281 394 1354 ficiis
414 1275 546 1360 iustos,
579 1287 615 1344 et
640 1297 717 1343 non
750 1295 880 1359 vanos,
913 1297 988 1344 non
1021 1275 1289 1344 defraudaturos
1346 1255 1406 1318 ‘⁰’
1437 1232 1581 1303 “nim
1604 1227 1695 1305 mihi
1717 1237 1810 1312 ‘³³¹⁰’
1868 1231 1940 1306 sed
1970 1249 2090 1307 umen
2116 1235 2168 1307 ’ἢ
2198 1234 2335 1322 iudiffl’

303 1403 392 1456 rete.
412 1393 424 1410 ““
451 1373 500 1450 Et
523 1397 579 1447 res
603 1376 759 1448 ostendit
791 1377 924 1445 verum
950 1397 1044 1461 esse,
1079 1378 1176 1469 quod
1202 1377 1291 1450 dicit
1343 1333 1587 1406 ⁰b⁰di²¹¹d¹¹¹¹¹
1611 1337 2012 1430 εδει1)Ῑῖ31)ἵ’ῐθῐῐῑῖῑ)ΰῦ
2038 1337 2335 1432 &praeceptori-

217 1547 223 1553 .
305 1479 530 1557 Herodotus:
558 1475 655 1550 Eum
677 1478 741 1572 qui
761 1477 825 1548 diu
850 1479 973 1562 debet,
999 1478 1111 1549 multa
1132 1479 1290 1554 mentiri.
1342 1435 1411 1506 ΒΜ
1427 1435 1505 1507 ⁸5⁰⁸
1520 1440 1738 1516 m⁰f⁰⁵ii³i⁸·
1813 1455 1815 1458 ’

305 1585 355 1660 Et
378 1595 551 1682 quantum
575 1579 871 1672 impedimentum
893 1581 939 1652 sit
960 1579 1002 1650 in
1021 1581 1292 1671 gubernatione,
1370 1667 1379 1674 .
1444 1555 1613 1677 PP⁰P⁰¹¹⁰
1633 1572 1752 1632 autem
1775 1562 2021 1656 qua‘ffiffl'effl
2043 1561 2189 1656 ‘siim
2214 1560 2337 1632 ‘⁰⁰⁸5'

305 1689 513 1761 obaeratum
537 1705 628 1769 esse,
654 1682 811 1754 ostendit
832 1682 1033 1776 exemplum
1046 1679 1185 1753 Aesim
1201 1683 1291 1754 effi.
1343 1657 1545 1731 deratsone:
1589 1657 1728 1734 Utrum
1750 1655 1905 1736 Pastori
1925 1659 2118 1738 Ecclesiae
2138 1670 2229 1734 recte
2251 1685 2336 1734 sen-

306 1791 410 1876 um,
436 1809 526 1882 qm
541 1809 622 1858 gum
644 1785 804 1876 ,leem
818 1783 954 1856 Ducem
980 1783 1135 1875 peritum
1160 1797 1195 1855 eg
1216 1785 1292 1854 vif,
1344 1759 1452 1832 tienti
1472 1771 1504 1832 et
1525 1761 1607 1861 pio,
1646 1759 1755 1836 liceat
1773 1759 1909 1838 habere
1931 1765 2155 1866 superiorem
2178 1757 2333 1836 iurisdi-

305 1895 383 1966 mu,
396 1901 649 1985 mmmm,
673 1888 736 1983 φή
749 1887 895 1957 nolebat
908 1887 1066 1978 accipere
1089 1887 1293 1979 impetgm,
1346 1861 1497 1933 ctionem
1510 1866 1550 1936 in
1565 1859 1723 1961 praedio
1740 1865 1942 1958 attributo,
1968 1879 2008 1942 ut
2031 1871 2109 1970 ipse
2127 1865 2207 1941 sihi
2228 1891 2333 1940 usum

305 1995 391 2092 quia
412 2003 501 2064 esset
523 1992 730 2074 obaeratus,
756 1987 881 2058 civitas
903 1990 1047 2080 publice
1061 1989 1292 2060 aesalienum
1336 1963 1508 2064 smum
1523 1961 1691 2039 hami?

305 2121 372 2190 pro
387 2119 431 2168 eo
451 2092 568 2165 solvit.
620 2089 667 2163 Ut
685 2102 803 2162 autem
821 2089 960 2162 iusticia
977 2092 1092 2161 bonae
1108 2091 1293 2162 conscien-
1445 2081 1583 2160 Debac
1599 2087 1863 2182 quaestionem
1879 2091 2042 2185 disputo,
2062 2091 2146 2184 quia
2162 2088 2335 2161 nonnulli

302 2200 377 2272 tiae
399 2221 461 2268 seu
484 2193 687 2266 obedientia
708 2193 749 2262 in
771 2193 940 2284 operibus
953 2200 986 2263 'a
1003 2191 1082 2264 Deo
1098 2194 1294 2286 praeceptis
1346 2202 1515 2260 excusant
1528 2183 1992 2286 hocexemplolipiscopos,
2007 2192 2202 2264 retinentes
2215 2191 2335 2264 domi·

206 2361 209 2370 r
305 2297 500 2374 necessaria
516 2309 585 2377 est,
611 2295 656 2364 de
671 2319 741 2390 qua
756 2294 903 2365 diciturr
931 2293 973 2365 la
989 2298 1183 2388 praeceptis
1204 2296 1294 2366 meis
1346 2289 1543 2364 nationem.
1597 2291 1659 2364 Sic
1671 2293 1782 2383 igitur
1794 2294 1924 2371 sentio.
1973 2295 2058 2366 Non
2073 2297 2188 2388 probo
2202 2295 2337 2366 artim-

305 2401 497 2475 ambulate.
556 2395 663 2468 item:
699 2395 937 2478 scortatores,
965 2398 1139 2483 adulteri,
1171 2393 1292 2468 bomi-
1345 2394 1422 2464 lum
1447 2393 1694 2466 Wiclevicum
1723 2395 1763 2466 in
1785 2395 1933 2492 Synodo
1958 2397 2147 2470 Basiliensi
2171 2396 2338 2490 proposi-

305 2506 422 2587 cidae,
454 2525 530 2570 non
551 2500 795 2592 possidebunt
819 2523 968 2591 regnum
995 2497 1083 2569 Dei:
1125 2499 1185 2572 Sic
1206 2501 1294 2570 obe·
1346 2509 1440 2566 tom:
1479 2493 1532 2567 Ne
1548 2493 1757 2570 Sacerdotes
1782 2493 1940 2572 babeant
1958 2515 2073 2572 certos
2094 2501 2254 2586 reditus,
2276 2505 2335 2570 sed

303 2606 443 2678 dientia
455 2604 496 2672 in
510 2597 582 2673 boc
597 2615 804 2696 praecepto,
829 2626 905 2674 non
922 2603 1057 2673 furtum
1074 2601 1201 2689 iacies,
1228 2625 1293 2672 ne·
1345 2597 1470 2670 vivant
1488 2622 1530 2670 ex
1547 2600 1769 2693 quotidianis
1790 2603 2044 2699 eleemosynis,
2068 2617 2110 2674 ut
2127 2601 2336 2674 Francisca-

306 2705 455 2781 cessaria
474 2715 538 2778 est.
588 2703 638 2776 Et
653 2713 734 2774 eum
759 2705 1018 2796 praestitimus,
1044 2705 1142 2796 quod
1165 2704 1295 2774 debui·
1346 2699 1401 2772 ni:
1427 2699 1499 2774 Sed
1512 2701 1632 2774 iudico
1646 2703 1826 2795 sapiemer
1848 2719 1884 2776 et
1903 2706 1963 2799 pie
1987 2705 2223 2778 constitutum
2250 2727 2334 2790 ease,
2421 2755 2422 2764 ι

304 2833 386 2884 mos
404 2807 625 2899 obligatione
641 2806 761 2890 cirili,
787 2807 858 2876 iam
875 2803 963 2878 b'aec
984 2807 1101 2875 civilis
1123 2806 1294 2896 obligatio
1345 2817 1387 2876 ut
1403 2803 1491 2876 certi
1505 2804 1578 2876 sint
1592 2801 1728 2876 reditus
1744 2803 1954 2893 Pastomm,
1979 2821 2014 2880 et
2029 2822 2071 2879 ut
2086 2808 2134 2879 sit
2148 2807 2234 2880 talis
2255 2830 2333 2878 mo-
2421 2817 2422 2820 ’

303 2921 436 2998 susat,
460 2925 496 2982 et
513 2909 651 3000 legibue
665 2903 761 2980 nibil
775 2909 936 2982 debetur.
984 2907 1056 2980 Sed
1074 2909 1185 2980 altera
1200 2910 1295 2979 obli·
1347 2907 1498 2990 dus,·ut
1514 2931 1580 2978 nec
1596 2907 1739 2999 inopia,
1763 2931 1829 2980 nee
1843 2910 1990 2982 divitiae
2006 2910 2207 3003 impediant
2225 2909 2336 2980 mini·

303 3016 402 3108 gotio
416 3013 590 3084 naturalis
604 3025 747 3082 aeterna
758 3025 832 3092 est,
857 3035 928 3106 qua
942 3007 1041 3080 Deus
1058 3035 1126 3082 uos
1148 3013 1192 3081 ad
1213 3035 1295 3105 per-
1346 3008 1513 3084 sterium,
1558 3007 1732 3081 Consedit
1748 3011 1844 3082 enim
1856 3013 1963 3084 nobis
1981 3013 2153 3084 omnibus
2163 3009 2332 3103 Evange-

305 3131 449 3212 petuam
469 3113 697 3185 dilectionem
718 3113 868 3204 obligat,
895 3135 984 3207 quae
997 3113 1104 3184 debet
1119 3127 1296 3204 praestare
1347 3113 1437 3182 lium
1454 3106 1585 3182 habere
1601 3111 1808 3204 proprium,
1833 3127 1875 3186 ut
1888 3115 2053 3195 concedit
2070 3114 2126 3186 uti
2142 3115 2224 3186 aliis
2245 3112 2335 3204 leffi-

305 3221 421 3290 multa
435 3215 571 3300 officia,
596 3210 701 3286 etiam
724 3238 799 3284 non
815 3215 935 3284 debita
952 3213 1050 3282 civili
1063 3215 1296 3305 obligatione.
1347 3214 1445 3288 timis
1459 3215 1751 3286 ordinationibus
1771 3217 1869 3288 vitae
1888 3218 2137 3289 oeconomicae
2155 3232 2190 3288 et
2207 3215 2332 3310 politi-

306 3321 418 3395 Dives
434 3318 539 3388 debet
552 3315 688 3387 Lazaro
703 3316 875 3408 opitulari
897 3339 978 3386 cnm
1003 3316 1133 3408 possit,
1159 3317 1297 3389 etiamsi
1347 3341 1425 3402 cae,
1451 3331 1493 3388 nt
1507 3315 1680 3409 scriptum
1698 3331 1767 3390 esta
1792 3317 1924 3390 Fontes
1937 3321 1991 3392 tui
2007 3319 2212 3390 deriventur
2222 3320 2331 3402 foras,

306 3423 535 3514 magistratus
551 3442 626 3488 non
639 3418 744 3518 punit
757 3417 904 3488 divitem
914 3418 1140 3492 omittentem
1155 3415 1224 3490 boc
1237 3420 1295 3490 of·
1347 3432 1383 3492 et
1407 3431 1447 3492 tu
1459 3416 1639 3490 Dominus
1661 3442 1785 3490 eorum
1809 3435 1963 3494 maneto.
2015 3420 2056 3494 Si
2076 3420 2184 3512 igitur
2206 3433 2331 3512 pastor

306 3526 439 3600 licium.
464 3519 539 3593 Nec
547 3534 657 3592 cessat
668 3514 755 3592 baec
764 3519 947 3612 obligatio,
956 3521 1152 3592 etiamcum
1160 3520 1295 3592 Laeero
1347 3518 1478 3592 babeat
1498 3521 1538 3592 in
1559 3517 1627 3592 suo
1652 3522 1766 3593 fundo
1798 3523 2080 3617 iurisdictionem
2100 3521 2333 3616 superiorem,

304 3629 406 3699 dedit
421 3623 579 3719 aliquid,
603 3625 664 3695 aed
681 3639 801 3695 manet
817 3618 953 3708 adbuc,
979 3623 1062 3716 quia
1083 3637 1136 3694 est
1157 3625 1296 3720 obliga-
1347 3647 1424 3696 non
1448 3623 1703 3716 impedientem
1725 3625 1984 3712 ministerium,
2006 3639 2125 3719 potest
2147 3649 2227 3696 eam
2246 3623 2335 3696 reti—

307 3732 380 3822 tio,
405 3752 476 3823 qua
492 3725 589 3798 Deus
604 3749 744 3818 semper
759 3726 837 3798 vult
854 3723 1297 3823 noscibiobligatos'esse,
1347 3751 1452 3814 nere,
1477 3739 1519 3798 ut
1540 3725 1631 3801 alias
1649 3727 1755 3798 fundi
1773 3728 2054 3802 oommoditates.
2105 3727 2180 3800 Nec
2200 3739 2334 3822 pugnat

307 3834 392 3928 quia
410 3841 569 3900 creatura
584 3851 724 3921 semper
737 3823 926 3900 debetlleo
942 3827 1196 3901 obedientiam.
1222 3827 1296 3900 Nec
1348 3853 1429 3900 cum
1447 3824 1514 3901 hac
1532 3829 1707 3923 sententia
1721 3830 1875 3902 dictum:
1902 3829 2019 3922 Reges
2038 3831 2201 3922 gentium
2217 3828 2335 3902 domi-

192 3929 199 3934 *
307 3959 393 4005 vero
411 3932 572 4002 debitum
587 3943 726 4002 tantum
743 3928 954 4020 depecunia
969 3928 1209 4020 intelligatur,
1234 3931 1296 4000 sed
1347 3945 1498 4016 nautor,
1531 3955 1596 4004 vos
1617 3945 1736 4004 autem
1768 3957 1844 4004 non
1863 3934 1925 4009 sic.
1984 3931 2076 4004 Nam
2110 3933 2176 4004 illa
2210 3930 2332 4006 cundo

308 4039 353 4106 de
373 4034 498 4104 multis
520 4031 648 4103 officiis
672 4028 771 4116 aliis,
796 4029 841 4104 de
864 4031 1020 4101 candore
1035 4031 1074 4100 in
1092 4033 1296 4119 iudicando,
1347 4034 1493 4127 proprie
1514 4028 1583 4106 hoc
1607 4035 1729 4120 docet,
1757 4060 1833 4108 nou
1857 4035 2025 4109 constitui
2046 4035 2199 4128 imperia
2215 4031 2334 4108 Evan-

186 4217 196 4227 ,
307 4139 354 4210 de
371 4135 519 4208 lenitate
540 4134 580 4202 in
603 4135 852 4220 admonendo,
878 4135 923 4204 de
943 4133 1113 4212 sanandis
1127 4135 1298 4206 offensio-
1347 4136 1454 4227 gello,
1599 4173 1603 4181 -

306 4241 434 4324 nibus,
460 4259 536 4306 non
552 4234 828 4306 inflammandis.
872 4233 943 4306 Sed
961 4236 1088 4308 omitto
1105 4231 1199 4309 banc
1213 4238 1297 4308 lon·
1450 4252 1560 4345 Quod
1582 4265 1700 4325 ,ntem
1718 4248 1787 4326 hoc
1809 4223 1970 4348 amplo
1995 4255 2143 4350 qnidam
2170 4263 2333 4326 „mma

305 4343 441 4436 aiom
455 4335 748 4432 expllfflfifflflms
772 4351 897 4410 ‘tw
916 4335 1051 4408 fllium
1066 4335 1154 4425 Dei,
1175 4355 1216 4414 ui
1232 4331 1298 4412 '¹⁰⁸
1348 4353 1566 4450 Episcopus,
1598 4369 1759 4428 tenentes
1782 4357 1951 4449 imperia,
1978 4383 2051 4428 oon
2075 4371 2173 4428 reete
2197 4379 2333 4428 acrom-

305 4446 498 4537 tttbffllei,
521 4440 834 4514 fflflssssvulnffl
852 4453 986 4512 ⁰⁰⁵¹&
1038 4437 1136 4515 Dill-
1283 4467 1286 4474 ’
1349 4460 1499 4532 modant
1514 4461 1726 4552 exemplum.
1772 4457 2046 4531 Primumenim
2063 4459 2204 4533 etiamsi
2223 4470 2337 4531 essent
2421 4453 2422 4466 ¹

1351 4563 1423 4655 pii,
1449 4562 1540 4633 illud
1556 4585 1648 4632 onus
1665 4561 1923 4633 iurisdictionis
1944 4577 2082 4635 tautum
2102 4577 2178 4649 est,
2202 4577 2247 4635 ut
2269 4563 2338 4630 im-

1350 4666 1470 4758 pediat
1483 4665 1733 4738 ministerium.
1785 4659 1924 4736 Deinde
1944 4661 2013 4736 hoc
2036 4665 2337 4736 considerandum

1351 4781 1422 4850 est,
1442 4764 1639 4862 Episcopos
1657 4766 1837 4838 dominari
1857 4791 1930 4838 non
1951 4769 1991 4837 in
2007 4791 2091 4852 sno,
2116 4767 2179 4838 sed
2194 4768 2235 4837 in
2249 4767 2338 4836 alie-
2421 4749 2422 4776 ¹

308 4817 469 4962 boot,
986 4913 988 4917 v
1076 4885 1300 4961 ultonissa,
1351 4895 1419 4957 no,
1445 4871 1537 4966 quia.
1553 4869 1695 4962 praedia
1718 4869 1780 4941 illa
1802 4871 1908 4942 initio
1929 4867 2115 4955 Ecclesiis,
2150 4895 2226 4940 non
2246 4865 2338 4962 Epi·
2421 4903 2422 4920 ι

307 4979 479 5016 *⁸*
1002 5027 1008 5038 -
1081 4981 1294 5022 ’Ν
1351 4975 1468 5066 scopis
1490 4975 1621 5043 donata
1641 4983 1746 5058 sunt,
1772 4970 2145 5044 utindedocenteset
2163 4973 2339 5042 discentes

313 5163 314 5168 ,
368 5105 402 5162 tn
419 5101 573 5174 Quaesitor
594 5121 622 5170 ρ.
635 5100 687 5154 ιι9
704 5117 747 5173 sq.
784 5097 905 5169 ttepain
920 5097 1010 5165 {enam
1032 5097 1062 5152 tn
1084 5097 1301 5169 Quaeramus
1352 5075 1552 5160 alerentur,
1588 5088 1622 5144 et
1643 5087 1684 5145 ut
1713 5075 1913 5170 aliquorum
1940 5076 2230 5146 calamitosorum
2257 5095 2338 5164 ege—

410 5191 429 5230 ·
440 5173 522 5257 ,ω’
542 5169 621 5224 ‘⁶³¹³'
641 5187 668 5241 i*
685 5171 742 5254 ¹i¹
761 5178 788 5224 ⁶¹
806 5167 862 5254 ⁸5⁸·
875 5167 1008 5254 .⁰“¹³¹¹¹·
1023 5170 1109 5225 Tan.
1129 5167 1175 5223 W·
1194 5185 1220 5250 P:
1238 5169 1299 5249 ⁹⁴3³·
1351 5178 1433 5248 stati
1449 5177 1705 5250 consuleretur.
1756 5175 1861 5248 Nunc
1876 5171 2045 5269 Episcopi
2060 5181 2193 5249 donata
2211 5173 2337 5249 Eccle-

411 5254 492 5302 mane
504 5242 540 5294 Τ.
550 5237 583 5295 V.
590 5257 622 5359 p.
637 5241 693 5300 tit..
712 5258 740 5292 ιιι
756 5237 936 5295 Oratsonsbus
951 5251 1037 5314 poste.
1059 5258 1088 5316 p.
1104 5239 1144 5294 15.
1162 5248 1189 5292 et
1207 5255 1237 5290 sn
1248 5235 1300 5290 Rr-

604 5325 649 5378 .p.
663 5307 724 5364 ssa.
1352 5281 1435 5364 siis,
1462 5281 1560 5350 velut
1574 5301 1672 5369 reges
1685 5279 1869 5372 possident
1890 5293 2060 5375 tanquam
2076 5305 2167 5372 sua,
2194 5293 2229 5352 et
2252 5293 2338 5350 aunt

1352 5383 1450 5454 velut
1465 5379 1662 5480 Harpyiae,
1688 5405 1778 5476 quae
1799 5382 1957 5476 eripiunt
1979 5384 2112 5458 victum
2126 5383 2229 5471 aliia,
2253 5382 2338 5478 qni-

409 5313 501 5372 dtard.
514 5303 547 5370 Τ.
563 5307 587 5362 ΙΙ
