4888 5962
126 141 206 242 is'o‘
356 227 362 240 .
720 137 1139 258 dtid'tlb‘rtliu'lt's
1172 139 1575 244 a-uautlottcau
1645 201 1652 220 ·
1915 182 1919 190 ¹
2094 175 2172 259 rso

127 353 172 412 ut
187 361 291 422 suum
303 315 459 432 ‘quilque
475 349 602 412 teneat.
636 313 730 410 ‘tan
746 335 787 410 lii
801 315 935 412 reditui
947 317 1026 410 ndu
1042 349 1126 409 sunt
1176 317 1379 407 temnenda.
1399 358 1414 396 ἰ
1449 332 1567 410 Multa
1590 347 1736 414 naturae
1764 337 1934 421 miracula
1955 345 2168 446 Philosophi

127 436 323 535 imptom'm
341 436 628 528 (humidorum,
649 443 807 514 „deum
822 439 1124 515 vemsseclesiae,
1175 431 1395 524 collegerunt
1419 434 1458 508 in
1481 440 1598 527 coelo,
1623 445 1723 531 alise,
1753 447 2010 540 animantibus,
2034 455 2168 548 plantis

127 541 251 634 Quare
265 540 495 632 Magistratus
511 543 661 614 reddere
676 565 735 614 eos
748 567 854 614 verae
867 541 1046 616 Ecclesiae
1060 545 1124 613 de-
1173 534 1437 619 ²nimedvems
1468 541 1581 613 molta
1604 561 1805 622 monstrant
1825 553 1970 644 vestigia
1995 555 2166 630 divinita-

123 647 207 738 bet,
241 658 276 716 et
300 654 453 736 poenam
477 667 629 738 sumere·
645 645 690 716 de
712 645 851 740 impiis,
884 647 1055 742 tanquam
1079 646 1124 716 de
1173 637 1241 722 tis,
1263 639 1325 708 sed
1341 639 1498 731 prolecto
1513 641 1745 719 Metellorum
1763 653 1998 727 consideratio
2013 681 2088 728 nou
2106 683 2165 730 ce-

125 743 407 844 ptae‘donibuis'
1173 739 1226 809 dit
1240 738 1312 810 illis
1335 754 1483 859 poturae
1504 747 1675 838 partibus.
1724 745 1859 826 Amant
1873 750 1960 829 haec
1979 772 2014 830 et
2030 758 2164 830 miran-

131 923 135 932 ,
228 847 362 939 Magna
377 845 535 942 proiecto
549 848 736 922 necessitas
746 849 822 931 cst,
847 848 1017 920 acerrime
1028 843 1122 918 hane
1171 853 1231 912 tur
1246 835 1410 912 hommes
1426 845 1589 920 utilitatis
1603 863 1726 937 causa,
1754 877 1820 924 nec
1833 853 2056 949 reprehendo
2066 856 2164 934 hunc

126 949 350 1041 causamagi.
400 947 480 1020 Nisi
493 949 588 1020 enim
605 951 787 1024 facultates
802 952 1034 1022 restituantur
1049 946 1121 1021 Er·
1171 943 1355 1030 affectum,
1388 943 1448 1016 Sic
1463 946 1559 1018 euim
1575 961 1609 1022 et
1625 975 1681 1021 res
1697 954 1783 1024 alias
1797 957 1927 1029 multas
1941 957 2163 1054 suspicimus.
2309 1033 2314 1042 .

124 1055 271 1139 elesiae,
298 1051 387 1123 boni
405 1063 561 1142 pastores
577 1060 610 1124 et
626 1073 796 1146 pauperes
810 1047 1011 1125 scholtutici
1026 1052 1119 1122 lame
1170 1041 1241 1115 Sed
1268 1055 1383 1116 tamen
1410 1059 1462 1119 est
1483 1049 1596 1124 animi
1617 1052 1709 1124 bene
1729 1055 1901 1146 instituti,
1929 1081 2005 1132 non
2021 1074 2162 1136 tantum

122 1157 313 1250 peribunt,
346 1153 462 1224 ltudia
486 1155 754 1248 extinguentur,
784 1149 937 1226 deerunt
951 1151 1120 1226 Ecclesiis
1170 1145 1361 1216 utilitatem
1369 1150 1539 1238 cogitare,
1557 1154 1618 1224 sed
1631 1155 1737 1226 etiam
1753 1161 2000 1256 naturasipsas
2016 1164 2162 1240 intueri,

125 1271 160 1330 et
176 1255 410 1348 Reipublicae
427 1247 570 1326 literati.
1168 1244 1251 1316 Non
1281 1247 1377 1318 enim
1404 1263 1544 1322 tantum
1571 1255 1743 1347 opinione
1770 1253 1957 1334 hominum
1977 1265 2162 1353 differunt,

229 1359 334 1450 Agite
348 1357 458 1448 igitur
470 1369 504 1428 et
519 1355 699 1448 publicam
712 1351 892 1428 Ecclesiae
907 1380 1067 1451 causam,
1085 1371 1119 1429 et
1169 1351 1230 1419 Sed
1244 1346 1357 1436 D²¹1⁸2
1383 1364 1422 1422 ¹¹¹
1436 1353 1553 1446 ll!ecia
1565 1357 1797 1450 dl³⁶⁰ffl0¹0¹s
1821 1363 1937 1435 '⁰1¹¹st
1951 1365 2020 1436 ³¹5³
2033 1368 2161 1442 melfi!-

121 1475 297 1545 restram,
322 1469 357 1530 et
378 1461 479 1528 lucos
498 1457 579 1529 illos'
600 1459 646 1528 ab
669 1459 816 1528 alveolis
838 1459 1023 1551 depellite,
1056 1459 1119 1554 qni
1168 1450 1202 1519 le
1222 1452 1446 1541 generosiora
1467 1477 1541 1526 esse
1562 1457 1652 1528 aliis.
1704 1459 1796 1532 Mira
1812 1463 1921 1554 igitur
1937 1465 2159 1558 singulorum
2203 1537 2205 1544 .

121 1564 323 1636 'vastitatem
341 1562 379 1630 iu
394 1557 571 1647 Ecclesia,
598 1575 772 1652 quantum
789 1559 826 1630 in
843 1561 930 1652 ipsis
945 1577 1017 1644 est,
1043 1563 1118 1633 effi.
1168 1562 1223 1621 est
1248 1552 1366 1643 origo,
1404 1553 1495 1626 mira
1523 1553 1722 1654 sympathia
1750 1577 1784 1634 et
1806 1564 1995 1644 discordia.
2053 1565 2161 1640 Unde

122 1691 203 1740 cere
219 1678 406 1736 conantur.
458 1659 728 1754 circumspicite
747 1657 997 1735 huneroetum
1012 1659 1117 1734 echo.
1167 1653 1410 1724 testimonium
1434 1656 1574 1730 illustre
1599 1661 1690 1732 sumi
1716 1677 1847 1754 potest,
1868 1663 1969 1748 „bunc
1983 1669 2160 1740 muudum

121 1769 353 1847 lasticorum,
378 1787 484 1860 quam
505 1763 619 1836 multa
639 1757 797 1834 suuthic
813 1764 955 1854 ingenia
972 1765 1118 1858 optima,
1167 1777 1242 1824 ¹¹⁰¹!
1261 1777 1334 1826 esse
1352 1779 1434 1826 casu
1451 1771 1581 1836 ortum.
1621 1761 1715 1854 Sunt
1731 1765 1827 1836 euim
1843 1768 2067 1858 singulorum
2083 1793 2159 1842 me-
2283 1817 2287 1828 -

122 1873 170 1942 ad
189 1865 356 1945 virtutem
378 1879 412 1936 et
428 1863 548 1935 literas
563 1865 711 1952 idonea,
742 1888 833 1959 quae
858 1865 927 1935 nisi
951 1866 1001 1936 eis
1024 1864 1115 1938 Res·
1167 1856 1334 1926 lellomm
1359 1871 1472 1930 certae
1494 1861 1606 1952 leges,
1641 1877 1675 1936 et
1699 1881 1791 1938 certa
1812 1891 1891 1938 cum
1909 1871 1988 1940 aliis
2004 1871 2159 1958 foedera,

120 1969 267 2068 publica
291 1965 545 2062 opitulabitur,
580 1963 741 2036 deserere
764 1964 881 2036 studia
898 1981 1044 2062 propter
1059 1967 1117 2036 in·
1167 1969 1225 2040 ⁰2,
1251 1953 1409 2081 Ᾱῐξθῄῑῠ
1425 1977 1505 2032 tum
1515 1961 1673 2051 Galeas,
1700 1989 1782 2037 nam
1797 1969 1874 2090 eine
1888 1966 1955 2042 bac
1970 1986 2156 2062 argeutum

120 2075 242 2168 opiam
277 2079 457 2161 cogentur.
520 2063 589 2138 His
617 2067 864 2159 opitulamini,
906 2061 972 2140 hos
1002 2067 1051 2139 ali
1082 2079 1117 2140 et
1168 2081 1313 2152 excoqui
1329 2085 1404 2130 nou
1421 2077 1546 2152 potest.
1597 2063 1774 2168 l’urgatur
1792 2083 1925 2162 optime
1945 2067 2158 2144 Aummar-

120 2171 277 2248 iuvaris
295 2169 563 2262 Magistratibus
586 2163 813 2250 lussitDeus,
839 2171 1031 2264 etquidem
1047 2169 1117 2262 ipsi
1167 2173 1273 2249 gento
1297 2161 1400 2247 vivo,
1425 2187 1505 2233 cum
1524 2180 1659 2238 caetera
1676 2169 1816 2240 metalla
1836 2171 1999 2245 innatare
2012 2187 2158 2263 argento
2286 2217 2288 2226 ν

119 2275 287 2352 canones
300 2273 425 2346 iubent
441 2271 491 2342 eis
505 2295 608 2364 opem
627 2269 713 2341 ferri
728 2286 767 2340 ex
782 2265 1022 2344 Ecclesiarum
1037 2275 1116 2366 opi·
1166 2261 1252 2381 vivo·
1276 2261 1423 2338 wisant·
1482 2261 1623 2336 Aurum
1644 2269 1676 2339 ei
1697 2285 1888 2362 repugnet,
1920 2288 1955 2346 et
1970 2275 2011 2344 in
2026 2297 2159 2376 eouer-

118 2383 203 2455 bus.
253 2377 324 2451 Sed
341 2375 483 2445 audiam
502 2387 599 2444 tuam
616 2371 841 2448 sententiam.
892 2369 990 2446 Dixi.
1166 2373 1304 2433 tamine
1314 2364 1446 2456 optime
1462 2381 1650 2458 purgatur,
1673 2393 1713 2440 ar
1728 2373 1877 2446 discedit
1894 2399 1915 2446 a
1931 2389 2081 2469 purgato
2098 2400 2157 2448 ar-

195 2465 200 2478 ‘
746 2541 752 2562 Ι
1166 2477 1310 2554 gentum
1326 2467 1464 2553 vivum,
1490 2490 1597 2562 seque
1611 2470 1656 2541 ab
1671 2495 1713 2541 eo
1727 2473 1911 2566 disiungit.
1950 2477 2156 2570 Dicaspro·

116 2585 1110 2639 W
1165 2567 1357 2657 pemodum
1382 2568 1572 2659 imaginem
1595 2591 1668 2642 esse
1680 2571 1882 2665 discordiae
1897 2577 1992 2650 inter
2007 2579 2157 2649 verbum

1164 2663 1234 2738 Dei
1248 2680 1283 2736 et
1291 2662 1485 2738 humanam
1501 2671 1723 2763 sapientiam.
1773 2674 1989 2749 Auteleruut
2002 2675 2155 2762 Aurums

136 2767 209 2841 No·
223 2765 285 2840 20,
856 2761 1113 2852 23.S·ept.ldli)·
1165 2765 1248 2862 quia
1272 2770 1377 2840 durat
1394 2771 1433 2839 in
1456 2771 1556 2860 igne,
1580 2776 1641 2844 sed
1661 2774 1809 2865 opinor,
1834 2777 1921 2848 alias
1937 2779 2042 2848 etiam
2060 2781 2156 2850 mul-

126 2859 300 2896 ...m
894 2853 1107 2894 ἣ
1164 2882 1216 2939 tas
1232 2891 1353 2940 causas
1377 2895 1468 2954 esse,
1503 2897 1566 2942 cur
1587 2875 1634 2945 sit
1655 2880 1858 2966 generosius
1873 2879 2155 2952 existimandum.

219 2963 253 3020 tn
272 2957 439 3032 Qamura·
456 2973 484 3030 p
498 2953 545 3012 ”-
1164 2967 1259 3060 Quia
1269 2973 1429 3042 nativum
1445 2995 1571 3044 aumm
1587 2996 1722 3047 venena
1736 2981 1874 3070 prodit,
1899 2979 2048 3052 exiliunt
2056 2981 2155 3051 enim

119 3127 300 3217 mg„
325 3119 372 3193 ge
397 3113 507 3190 „pm
531 3111 756 3201 mmm-033,
786 3118 950 3186 'ecum
969 3133 994 3184 a
1008 3113 1112 3210 May·
1164 3095 1183 3142 e
1207 3073 1344 3164 poculis
1366 3073 1482 3144 aureis
1498 3073 1629 3163 lrides,
1660 3091 1694 3149 et
1718 3082 1852 3152 accedit
1872 3081 1996 3172 igneus
2010 3080 2154 3170 stridor,

150 3224 368 3304 Μ
392 3213 676 3307 Μ
708 3212 824 3290 n,
969 3213 1080 3292 1⁶⁴⁰·
1162 3173 1610 3368 astrueret:
1629 3203 1784 3378 aaa
1807 3181 2155 3359 ,turtur

117 3380 278 3482 Semper
293 3383 343 3458 ita
359 3382 471 3464 sensi,
497 3375 564 3450 hos
581 3389 702 3449 coetus
717 3387 752 3449 et
764 3377 929 3470 publicos
945 3402 1111 3470 congres-
1162 3376 1518 3464 intundunsvenem,
1531 3377 1648 3452 Deum
1655 3383 1786 3453 minari
1794 3383 1967 3468 iudicium
1976 3401 2011 3459 et
2020 3385 2155 3480 ignem?

118 3517 181 3567 ⁸11⁸
199 3487 483 3562 dottissimorum
511 3475 701 3551 hominum
731 3483 877 3572 propter
904 3475 1112 3551 honestissi-
1161 3475 1279 3548 Mune
1302 3473 1507 3549 huiusmodi
1527 3484 1686 3575 symbola
1708 3507 1985 3558 commemorare
2006 3509 2155 3581 possem,

115 3617 197 3668 mas
209 3613 330 3664 causas
354 3585 535 3657 institutos
558 3605 651 3668 esse,
683 3581 722 3650 in
740 3581 869 3675 quibus
883 3583 1034 3653 maxime
1048 3585 1112 3653 de·
1162 3580 1193 3650 si
1209 3579 1330 3649 liceret
1346 3573 1428 3650 huic
1444 3597 1651 3672 argumento
1671 3583 1867 3660 immorari.

15 3685 19 3690 .
116 3711 175 3772 αι
190 3693 263 3766 di'ci
278 3689 414 3783 aliquid
428 3711 469 3758 ac
485 3682 603 3756 audiri
620 3707 662 3752 ex
679 3682 824 3774 optimis
841 3681 995 3768 artibus,
1021 3709 1110 3776 quae
1264 3679 1334 3752 Sed
1355 3675 1462 3751 venio
1489 3683 1532 3750 ad
1557 3683 1817 3776 quaestionem:
1852 3683 1990 3759 Utrum
2020 3707 2066 3757 ns
2087 3684 2151 3778 sit,

110 3811 203 3872 sunt
215 3793 322 3867 utiles
336 3789 440 3862 vitae.
482 3785 604 3876 Quare
617 3784 681 3854 etsi
697 3777 786 3852 milti
803 3782 939 3874 ingenii
954 3785 1023 3854 mei
1041 3784 1110 3853 im·
1161 3777 1264 3880 pund
1275 3779 1402 3852 scribit
1415 3775 1586 3865 Plinius,
1613 3779 1815 3878 Argentum
1828 3793 1973 3858 iunium
1987 3809 2035 3858 ee:
2050 3795 2150 3860 term

113 3894 294 3975 berillitas
315 3906 400 3964 nota
422 3903 493 3975 est,
525 3902 644 3958 tamen
661 3885 745 3979 qnia
762 3887 980 3956 consuetudo
994 3881 1111 3957 Selm-
1160 3900 1223 3952 seu
1247 3877 1440 3980 lapididus
1464 3881 1734 3981 excoquendum
1765 3907 1861 3970 esse,
1894 3909 1957 3958 nec
1982 3909 2049 3986 per
2074 3909 2151 3962 sm

111 4005 176 4076 lae
197 3995 304 4070 nubis
326 3991 391 4066 bas
413 3989 556 4076 dicendi
581 3997 697 4082 partes
718 3987 900 4068 attribuit,
936 3987 1020 4058 duxi
1044 3989 1112 4059 ob-
1162 3984 1271 4054 nasci
1287 4007 1436 4056 massus
1457 3983 1681 4082 argenteus?

113 4099 390 4194 temperandum
412 4103 485 4164 e‘sse
506 4089 651 4184 publico
673 4087 786 4172 mori,
811 4111 852 4158 ao
871 4088 1036 4158 maluiin
1052 4113 1110 4159 me
1263 4083 1381 4158 Verba
1404 4087 1480 4158 eius
1504 4083 1589 4158 haee
1610 4101 1712 4174 suut,
1736 4088 1831 4160 libro
1852 4093 1915 4165 dd.
1965 4089 2073 4164 Nulla
2094 4093 2152 4166 sui

111 4201 313 4280 desiderari
326 4195 584 4278 eruditionem,
598 4203 704 4286 quarn
714 4187 889 4274 officium,
913 4203 947 4261 et
962 4191 1110 4281 parendi
1162 4209 1223 4280 spe
1239 4189 1415 4274 nascitur,
1439 4202 1504 4260 etc.
1554 4189 1673 4260 Nullis
1690 4203 1731 4262 ut
1745 4193 1785 4260 in
1800 4215 1888 4262 aum
1906 4193 2152 4268 interlucfflg,

111 4309 349 4382 voluntatem.
399 4297 482 4370 Scio
498 4294 594 4365 enim
610 4309 684 4362 nou
701 4289 853 4382 llagitari
869 4315 888 4362 a
905 4293 1010 4363 nobis
1028 4315 1110 4383 per·
1160 4292 1228 4361 bus
1241 4289 1424 4371 scintillis,
1448 4303 1541 4360 terra
1558 4291 1627 4361 alia
1640 4291 1734 4362 ruffa
1748 4304 1819 4375 est,
1844 4293 1912 4366 alia
1929 4295 2120 4368 cineraoea.

111 4403 500 4486 ieetaedoctriuaeaut
517 4393 738 4490 eloquentiae
754 4393 951 4485 specimen,
976 4397 1035 4463 sed
1052 4377 1111 4464 in·
1260 4383 1357 4462 Haec
1382 4391 1490 4462 verba
1521 4392 1571 4462 sic
1596 4392 1800 4482 intelligunt
1824 4395 2012 4481 nonnulli,
2048 4395 2150 4488 qnasi

113 4515 242 4588 stituta
265 4520 317 4578 est
336 4499 554 4574 consuetudo
583 4495 859 4566 exercendorum
883 4493 1109 4584 ingeniorum
1160 4491 1301 4564 Plinius
1322 4492 1440 4562 nullas
1462 4493 1637 4564 existimet
1653 4517 1784 4564 massas
1803 4510 1983 4585 argenteas
2000 4517 2151 4588 parm

112 4637 234 4692 msa.
284 4607 406 4697 Quare
420 4599 587 4672 convenit
608 4620 673 4668 suo
688 4619 852 4690 quenque
868 4595 947 4666 loco
964 4619 1108 4688 operam
1159 4594 1268 4668 nasci.
1319 4593 1472 4666 Addunt
1492 4595 1663 4685 amplius,
1694 4608 1832 4667 tautum
1854 4595 1893 4666 in
1908 4591 2150 4670 hisBohemi-

111 4717 280 4792 conferre
301 4709 345 4780 ad
369 4702 651 4777 conservandum
672 4693 768 4768 bunc
788 4720 935 4772 morem.
993 4695 1109 4767 Vicis—
1158 4696 1209 4766 eis
1228 4694 1410 4766 montibus
1437 4696 1585 4788 reperiri
1607 4717 1738 4766 massas
1759 4709 1958 4787 argenteas,
1989 4721 2054 4791 per
2076 4723 2151 4773 me

110 4823 186 4896 aim
201 4825 256 4888 e'st
269 4806 502 4883 humanitatis
516 4815 671 4886 restrae,
694 4811 734 4870 ut
749 4797 888 4884 soletis,
912 4821 979 4868 nos
995 4811 1108 4893 aequo
1158 4811 1279 4898 natas,
1303 4797 1389 4867 alibi
1406 4821 1481 4868 non
1497 4793 1656 4890 reperiri.
1708 4795 1860 4886 Quodsi
1879 4797 2015 4890 italest,
2045 4801 2150 4874 veni·

109 4917 238 5006 enimi)
255 4913 392 4986 audire·
512 4901 515 4912 ⁵
676 4981 679 4988 ,
1155 4899 1276 4968 danda
1299 4912 1351 4969 est
1374 4897 1512 4984 Plinio,
1547 4899 1610 4992 qui
1640 4913 1777 4970 nostras
1808 4921 1914 4970 renas
1943 4923 2018 4972 uon
2045 4901 2150 4990 pidit,

217 4991 268 5092 Iit
281 5011 452 5110 quoniam
467 5005 558 5078 alius
572 5001 641 5076 alia
658 5003 702 5071 de
720 5003 757 5070 ie
772 4991 832 5070 bic
845 4998 1017 5096 disputat,
1043 5024 1107 5092 ego
1156 4999 1229 5072 Sed
1243 5021 1310 5070 uos
1325 5001 1480 5071 vidimus
1495 5023 1515 5070 e
1528 4997 1680 5092 Carpnto
1694 5013 1816 5070 monte
1831 4999 1955 5071 ,llum
1968 5004 2152 5075 unffi..

164 5125 202 5195 ⁰a
215 5119 280 5192 diu
293 5112 428 5186 iulocis
444 5131 612 5178 venarum
622 5101 975 5187 trietalliearumv'ixi,
999 5127 1108 5196 quae·-
1157 5101 1264 5171 simas
1284 5120 1434 5186 mussas,
1465 5101 1533 5170 filis
1556 5100 1657 5194 quasi
1673 5100 1816 5170 artificis
1838 5123 1946 5174 mauu
1962 5103 2151 5183 distineris.

109 5151 269 5304 fficium
301 5219 346 5288 de
369 5209 561 5285 Metallicis
596 5204 702 5278 rebus
730 5211 928 5298 proponere
955 5205 1107 5276 decrevi.
1155 5195 1286 5274 Narrat
1299 5199 1457 5283 Plinius,
1481 5205 1569 5272 adeo
1584 5201 1769 5292 opulentas
1784 5201 1892 5274 luisse
1906 5199 2151 5298 Hisponem

109 5330 182 5408 Est
200 5323 299 5400 enim
320 5331 355 5392 st
379 5311 466 5386 baec
487 5333 570 5406 pars
583 5303 754 5404 Physlcse
775 5325 998 5401 nequaquam
1020 5329 1107 5378 cous
1156 5323 1283 5392 renas,
1308 5317 1348 5374 ut
1371 5300 1555 5374 Hannibal
1577 5297 1743 5376 habuerit
1761 5327 1803 5375 er
1817 5327 1892 5378 uuo
1907 5303 2150 5403 puteoquou'·
