4866 5990
153 221 239 318 245
529 223 784 308 SCRIPTA
815 223 891 304 AD
923 222 1120 304 Vl'l’AM
1150 223 1227 306 ET
1253 225 1487 306 ostrum
1515 222 1819 312 MELAN'I'H.
2125 239 2201 318 246

150 414 234 473 coro
257 397 352 470 vitae
368 411 545 492 tempore,
573 402 671 498 quod
687 425 768 474 cum
786 398 1043 496 aliquantisper
1060 401 1157 474 ineo
1211 403 1364 477 ctionem
1381 401 1477 496 piam
1493 403 1683 477 conciliare
1703 405 1827 493 vellet,
1851 401 2038 502 Coninuge
2063 409 2201 508 aliquos

149 505 352 594 gaudentes
380 501 585 592 religiosum
611 505 781 596 gandium
807 516 1062 596 spectaremur,
1097 527 1159 576 sn·
1210 505 1368 590 oDens,
1395 505 1552 591 dicebat,
1586 497 1693 600 quam
1718 533 1840 580 vocem
1866 511 2067 604 saepissime
2090 539 2130 584 ex
2156 541 2199 586 eo

152 607 235 676 bito
259 604 322 674 ille
347 605 522 677 dodrante
544 605 613 676 iam
637 621 717 698 post
740 601 863 678 boram
884 613 1016 676 sertam
1037 607 1157 698 elapso
1208 607 1315 681 multi
1334 607 1557 678 audiverunt.
1607 606 1739 680 Filium
1756 611 1799 679 ad
1814 597 1975 703 precum,
1999 629 2034 687 et
2049 639 2198 687 coneor-

153 707 237 778 sine
262 705 337 778 nlla
365 707 594 778 contorsione
623 708 696 778 oris
727 722 787 780 aut
817 707 978 799 corporis
1000 731 1158 788 commo·
1209 711 1290 780 diae
1311 709 1469 780 studium
1490 703 1721 792 hortabatur,
1755 727 1788 784 et
1810 727 1886 784 tum
1910 716 2065 788 dicebat:
2100 715 2196 790 Deus

155 810 257 880 tione
273 807 469 900 expiravit,
494 823 598 903 atque
613 810 662 882 ita
677 810 814 904 placide
831 823 866 881 et
883 810 1012 880 leniter
1027 823 1065 882 ut
1081 833 1156 882 uon
1209 811 1274 882 tibi
1307 811 1501 882 benedicet.
1563 805 1721 903 Repetiit
1749 828 1784 886 et
1815 817 2051 902 mentionem,
2090 845 2198 914 quam

156 910 477 983 attentissimorum
492 911 614 981 oculos
630 925 664 984 et
678 911 932 1005 praesentiam,
956 913 1078 1002 lugere
1100 935 1157 982 res
1207 914 1322 984 facere
1339 915 1461 984 crebro
1477 913 1602 984 solitus
1617 915 1748 1000 fuerat,
1773 919 1944 986 sermonis
1961 914 2075 990 habiti
2091 945 2109 990 a
2128 923 2198 992 cla-

158 1007 422 1104 iudeprebeusa
437 1013 620 1105 potuisset.
670 1013 793 1108 Neque
809 1015 938 1084 intuto
957 1036 1068 1103 agone
1082 1015 1156 1084 ulla
1208 1015 1337 1085 rissimi
1364 1015 1431 1084 viri
1450 1014 1491 1088 D.
1511 1011 1679 1084 lobannis
1692 1015 1954 1107 Strambnrgeri
1977 1022 2128 1112 coniuge
2143 1027 2199 1092 vi-

156 1114 352 1186 commotio
371 1126 432 1184 ant
449 1115 686 1205 perturbatio,
714 1117 787 1188 nlla
802 1113 1007 1188 deformitas
1025 1117 1097 1185 ulla
1116 1115 1154 1184 in
1208 1119 1292 1188 eiua.
1356 1115 1446 1186 Eam
1475 1141 1555 1186 curu
1591 1118 2028 1210 aliquaudolaborantem
2057 1127 2198 1196 tabifico

158 1230 257 1310 parte
289 1216 558 1308 animadversa,
591 1218 690 1288 nulla
724 1242 873 1312 usquam
908 1217 1156 1288 immundities
1207 1218 1323 1287 morbi
1347 1211 2050 1306 malohortantibusamicisaccessisset,
2080 1242 2201 1316 postea

158 1343 272 1413 neque
288 1312 558 1417 nnpcpoloys'ut,
588 1341 704 1414 neque
718 1320 908 1416 quicquam
926 1343 1049 1398 eorum
1064 1342 1156 1413 qnae
1208 1319 1298 1389 dixit
1312 1343 1348 1389 se
1362 1319 1459 1394 illius
1474 1321 1635 1392 oratione
1653 1345 1727 1390 nou
1744 1347 1868 1414 parum
1888 1325 1993 1394 lesisse
2009 1329 2200 1396 confirma-

157 1422 398 1492 morientibus
422 1422 531 1491 lerme
553 1420 712 1492 accidere
726 1443 952 1496 consuevere.
1004 1417 1156 1492 Adcae-
1208 1435 1294 1494 tum.
1347 1419 1417 1492 Sed
1440 1421 1627 1512 praecipue
1650 1417 1736 1492 baec
1762 1449 2038 1498 commemorare
2052 1429 2198 1513 solebat,

155 1539 228 1596 tera
249 1525 351 1617 qnod
370 1522 514 1608 attinet,
539 1522 630 1594 sicut
646 1523 885 1604 viaitsancte,
921 1523 968 1592 ita
994 1537 1156 1592 mortuus
1207 1523 1305 1592 illam
1329 1547 1408 1592 cum
1434 1522 1700 1614 pronunciasset
1721 1524 1913 1597 sentehtiae
1936 1529 2090 1622 aliquot,
2116 1531 2198 1624 qui-

152 1626 263 1696 etiam
286 1623 509 1694 sanctissime
528 1625 614 1710 fnit,
640 1625 712 1698 vita
734 1626 850 1696 clausa
865 1620 910 1720 ¹²)
934 1623 1002 1716 piis
1020 1637 1053 1695 et
1069 1624 1156 1694 assi·
1206 1625 1273 1694 bns
1290 1624 1417 1694 fiducia
1436 1624 1551 1694 meriti
1570 1622 1646 1694 lesu
1662 1617 1796 1696 Christi
1814 1627 1887 1696 sola
1902 1652 1976 1699 esse
1990 1625 2197 1702 hominibus

149 1727 235 1800 duis
250 1727 423 1819 precibus
439 1739 473 1796 et
489 1725 726 1812 sermonibus,
751 1751 842 1822 quos
857 1727 994 1796 utinam
1008 1725 1155 1796 univer·
1207 1726 1370 1797 salutaris
1386 1729 1665 1812 demonstratur,
1692 1727 1807 1820 qualis
1822 1741 1872 1799 est
1886 1723 1989 1802 baec:
2024 1727 2083 1802 Sic
2101 1731 2194 1808 Dens

149 1854 210 1901 sos
233 1830 524 1913 recordaremur,
551 1841 586 1900 et
613 1823 681 1900 hoc
704 1830 781 1900 loco
798 1828 1016 1921 perscribere
1036 1851 1156 1920 posse-
1206 1827 1331 1899 dilexit
1350 1829 1534 1913 muudum,
1558 1827 1839 1903 utbliumsuum
1855 1843 1919 1900 etc.
1956 1826 2004 1900 Et
2019 1833 2081 1926 qui
2099 1833 2196 1906 videt

153 1955 261 2016 mars,
285 1929 384 2000 nulla
409 1929 506 2000 eninr
529 1953 567 2000 re
593 1931 704 2020 magis
729 1926 813 2002 baec
837 1930 1008 2020 expositio
1032 1929 1156 1999 mortis
1208 1930 1339 2014 filium,
1363 1944 1396 1998 et
1420 1929 1531 1999 credit
1552 1929 1588 1998 in
1614 1954 1710 2012 eum,
1743 1925 1849 2002 babet
1870 1930 1980 2002 vitam
2002 1949 2195 2018 aeternam,

154 2033 264 2103 illius
279 2045 398 2102 nostra
420 2032 714 2104 commendabilis
729 2033 834 2104 bonis
848 2045 883 2103 et
899 2033 966 2124 piis
987 2031 1155 2101 omnibus
1207 2027 1274 2116 Et,
1307 2030 1484 2101 iustificati
1519 2029 1587 2100 fide
1613 2054 1734 2122 pacem
1761 2027 1947 2103 babemus:
1996 2031 2061 2115 His
2088 2037 2197 2124 igitur

145 2137 389 2216 redderetur,
422 2157 512 2228 qnos
527 2146 647 2206 tamen
661 2135 863 2206 meminisse
877 2133 916 2204 in
932 2128 998 2204 boc
1014 2131 1156 2221 ingente
1209 2131 1451 2222 pronunciatis
1476 2131 1575 2200 illam
1598 2131 1745 2212 dixisse,
1775 2155 1811 2204 se
1826 2129 1919 2206 nibil
1935 2136 2067 2207 sentire
2081 2121 2201 2208 tristi-⁴

140 2239 306 2321 dolore,
333 2249 367 2306 et
383 2236 651 2326 perturbatione
667 2259 804 2308 summa
820 2249 941 2308 nostra
963 2235 1156 2327 potuimus,
1207 2235 1281 2304 ciae
1309 2233 1429 2302 auimo
1461 2255 1543 2318 sno,
1582 2257 1697 2327 neque
1723 2234 1821 2305 aliud
1851 2259 1980 2328 cupere
2003 2253 2036 2310 et
2058 2241 2195 2330 precari

143 2331 212 2412 eos
232 2341 338 2409 bona
360 2338 429 2408 lide
453 2338 651 2408 retulimus.
703 2335 937 2410 Meminimus
957 2350 992 2408 et
1007 2336 1154 2428 sparsim
1207 2359 1313 2430 quam
1340 2329 1617 2405 consolationem
1640 2337 1741 2406 istam
1765 2359 1839 2407 esse
1859 2349 1892 2407 et
1914 2363 2119 2430 permanere
2136 2340 2196 2410 br-

141 2440 388 2538 quorundam
414 2439 477 2534 qui
493 2439 623 2532 quibus
639 2441 754 2510 morbi
772 2439 897 2510 diebus
911 2451 945 2508 et
959 2437 1156 2508 occasioni·
1207 2460 1312 2522 marn,
1338 2460 1453 2530 neque
1467 2435 1539 2504 ulla
1557 2437 1625 2505 alia
1639 2435 1853 2528 cogitatione
1867 2453 1926 2510 aut
1941 2463 2023 2511 cura
2041 2463 2079 2511 se
2093 2441 2196 2517 allici.

139 2548 218 2616 bus
233 2539 359 2614 habiti
376 2539 458 2626 sint,
483 2565 558 2611 non
572 2565 756 2634 possumus
772 2541 911 2627 dicere,
933 2539 977 2609 iis
991 2551 1155 2632 propter·
1207 2535 1326 2632 Atque
1349 2533 1435 2608 baec
1456 2537 1608 2609 recitans
1632 2539 1857 2632 quorundam
1873 2543 1935 2634 qui
1951 2565 2034 2633 prae
2050 2545 2196 2616 caeteris

142 2671 186 2718 ea
232 2641 339 2715 bunc
372 2644 489 2714 locum
522 2643 748 2734 peculiariter
778 2641 1055 2726 reservavimus,
1092 2638 1155 2710 ubi
1208 2638 1303 2710 docti
1325 2654 1359 2712 et
1374 2639 1529 2730 religiosi
1545 2638 1659 2708 videri
1674 2639 1823 2727 vellent,
1850 2643 1991 2726 sutiles,
2012 2658 2046 2715 et
2061 2643 2197 2729 inanes,

149 2747 368 2840 prorniscue
388 2755 610 2816 notarentur.
660 2742 748 2816 Erat
769 2757 886 2816 autern
901 2743 939 2812 in
957 2739 1082 2834 primis
1099 2736 1173 2809 his.
1207 2755 1312 2834 atque
1338 2741 1443 2811 etiam
1471 2741 1692 2811 turbulentas
1713 2741 1971 2834 disputationes
1997 2757 2029 2816 et
2047 2761 2195 2818 conten-

154 2848 281 2918 morbi
303 2847 470 2916 extremis
493 2847 619 2916 diebus
641 2847 915 2916 familiarissima
938 2843 990 2929 ei,
1025 2859 1059 2914 et
1085 2845 1156 2912 fre·
1207 2843 1321 2914 tiones
1342 2835 1623 2934 reprehendebat
1638 2854 1672 2912 et
1688 2841 1795 2912 unius
1809 2843 1968 2914 mulieris
1983 2845 2144 2936 pietatem
2162 2861 2197 2918 et
2237 2881 2240 2886 ¹

155 2949 396 3046 quentissima
411 2973 496 3034 vox,
517 2973 623 3044 quam
640 2960 715 3017 tum
730 2947 878 3038 singulis
893 2969 982 3040 pene
996 2969 1156 3014 momen·
1207 2943 1364 3014 veritatis
1383 2943 1539 3014 studium
1557 2942 1701 3012 illorum
1719 2943 1933 3016 clamoribus
1948 2959 1982 3017 et
1995 2947 2069 3016 zelo
2084 2971 2198 3040 oppo-

154 3055 202 3123 tis
220 3077 306 3122 cnm
322 3049 477 3142 gemitu,
503 3063 536 3122 et
554 3050 681 3119 intimo
700 3051 817 3120 cordis
841 3063 941 3122 motu
961 3047 1154 3139 repetebat:
1207 3047 1325 3120 nebat.
1376 3043 1574 3139 siquando
1590 3045 1723 3113 mentio
1740 3045 1838 3117 lieret
1852 3039 2035 3118 hostilium
2048 3047 2196 3120 insecta.

159 3149 224 3227 Αἱ]
241 3151 343 3224 Deus
365 3151 633 3222 misereremei!
662 3163 695 3221 et
709 3151 770 3222 illa
787 3150 935 3222 Psalmi:
970 3147 1012 3219 lu
1029 3162 1063 3219 te
1081 3145 1156 3217 Do·
1208 3147 1521 3240 tionum,‘quibus
1536 3145 1829 3237 oppugnabatur,
1855 3143 1948 3219 nibil
1963 3151 2198 3243 respondebat

163 3257 266 3325 mine
292 3255 445 3346 speravi,
472 3277 545 3322 non
568 3254 762 3324 contundat
785 3252 823 3322 in
846 3266 919 3325 tota
941 3249 1158 3333 aeternitate,
1208 3247 1317 3334 aliud,
1343 3273 1448 3343 quam
1465 3247 1554 3317 illud
1571 3245 1713 3317 Psalmi.
1765 3245 1823 3318 Illi
1841 3251 2108 3336 maledicebant,
2135 3275 2197 3342 ego

164 3375 197 3428 et
225 3379 347 3428 rursus
371 3356 439 3425 alia
468 3353 617 3424 Psalmi:
659 3349 807 3426 Unicam
831 3353 918 3447 petii
945 3377 964 3423 a
988 3351 1157 3434 Domino,
1207 3365 1324 3421 autem
1338 3351 1493 3420 orabam.
1521 3346 1567 3420 Et
1584 3373 1706 3420 rursus
1720 3343 1807 3421 baec
1821 3349 2086 3427 PsalmiCXX.:
2113 3351 2199 3423 Mo-

163 3457 257 3530 banc
274 3459 455 3553 requiram
470 3471 509 3528 ut
527 3452 681 3528 habitem
698 3457 734 3526 in
749 3459 856 3528 domo
870 3453 1016 3526 Domini
1040 3451 1153 3523 omni·
1208 3453 1293 3522 lesta
1309 3466 1359 3521 est
1376 3445 1548 3522 habitatio
1563 3451 1703 3520 animae
1721 3475 1838 3536 aneae,
1865 3477 1945 3524 curn
1962 3447 2017 3524 bis
2033 3455 2094 3548 qui
2112 3457 2199 3524 ode.-

162 3565 231 3632 bus
247 3561 376 3632 diebus
391 3559 485 3630 vitae
503 3583 620 3646 meae,
646 3559 680 3628 et
695 3559 834 3630 videam
852 3559 1066 3650 voluptatem
1082 3549 1158 3624 Do·
1209 3565 1294 3623 runt
1316 3575 1449 3644 pacem.
1498 3549 1576 3643 Ego
1591 3552 1773 3644 pacificus,
1798 3555 1858 3622 sed
1876 3579 1955 3626 cum
1972 3555 2120 3654 loquor,
2145 3555 2201 3626 illi

166 3663 278 3748 mini,
310 3677 345 3734 et
366 3661 505 3732 visitem
529 3663 701 3754 templum
718 3663 803 3733 eius.
854 3657 1016 3752 Cumque
1032 3657 1157 3726 intuta
1210 3654 1472 3744 belligerantur.
2021 3657 2024 3664 '

167 3767 241 3835 vita
259 3765 359 3885 quod
382 3787 504 3832 omnes
527 3762 678 3882 sciuntq
700 3763 860 3857 quicum
878 3771 1074 3878 noverunt,
1100 3781 1158 3827 ar·
1209 3803 1215 3814 -
1311 3783 1366 3858 Eo
1390 3788 1449 3857 dfe
1470 3810 1541 3881 quo
1564 3787 1704 3878 publice
1726 3798 1941 3877 wspremum
1964 3785 2201 3885 prsetegtr⁵⁹)‚

174 3869 375 3936 ‘imum‘
390 3889 492 3935 ΜΕ
509 3865 633 3936 ⁸⁰¹¹²¹¹⁸
650 3877 705 3950 ⁵¹¹³
724 3860 791 3935 ¹¹⁰⁶
807 3877 925 3934 ‘amm
941 3861 1057 3930 ’ΜΨ
1071 3874 1159 3931 ¹⁰⁰¹·
1209 3891 1490 3963 adolescentibus
1505 3888 1719 3983 quibusdam
1735 3889 1937 3980 petentibus
1954 3890 2200 3964 testimonium

171 3993 256 4062 Ρ(πε
279 3967 409 4060 ΡΓῙΟτῖε
430 3967 523 4086 Vim
544 3961 1014 4086 baelnpffledillssfflffiam
1034 3959 1160 4082 “Pi“
1210 3991 1423 4064 initiationis
1449 4013 1548 4072 suae,
1582 3991 1676 4081 cepit
1708 3990 1861 4064 scribere
1893 3987 1959 4066 bos
1993 3993 2202 4098 versiculos,

170 4087 278 4144 tatem
303 4071 409 4161 louge
429 4070 603 4144 vmcebat.
656 4065 779 4163 ltaque
801 4079 942 4160 pretatrs
967 4075 1160 4180 sententrae
1235 4104 1434 4168 mmmm
1449 4115 1523 4162 non
1541 4091 1710 4162 absolvi&

171 4187 204 4244 et
227 4173 388 4242 interdiu
412 4171 442 4239 ei
466 4171 505 4239 in
527 4195 589 4240 ore
614 4193 688 4240 esse
710 4185 744 4241 et
770 4193 833 4264 per
859 4170 1012 4264 quietern
1039 4163 1160 4234 offerri
1475 4251 1483 4270 Ι
1712 4250 1719 4264 .

170 4273 379 4346 dormienti.
425 4270 716 4367 Quotiescunque
735 4285 852 4343 autem
875 4285 983 4341 noctu
1000 4291 1019 4338 e
1034 4289 1160 4338 somno
1265 4249 1399 4316 Artemo
1415 4261 1550 4331 atum
1564 4259 1634 4369 Ψ
1648 4241 1776 4312 ehfflst·

171 4375 489 4470 expergiscebatur,
507 4389 541 4446 et
556 4369 943 4466 semperetnihilaliud
954 4389 1160 4463 excoquam
1266 4351 1379 4418 ΟΜΝ
1395 4355 1486 4434 petris
1502 4373 1541 4411 ⁰¹
1556 4369 1625 4411 ⁸¹¹¹¹¹
1637 4347 1769 4428 verenda,

172 4478 325 4571 gemitus
349 4479 392 4548 ad
411 4473 526 4547 Deum
550 4489 586 4548 ct
605 4476 782 4568 precantis
797 4496 901 4544 voces
915 4473 1162 4542 audiebantur.
1265 4453 1384 4518 ΨΜ
1398 4451 1557 4536 Emg‘ffi
1571 4451 1669 4513 f⁶¹⁰¹¹⁸
1685 4469 1819 4526 mmm·

173 4579 216 4653 ln
241 4579 366 4674 primis
389 4591 508 4650 tamen
530 4603 595 4671 pro
621 4575 777 4650 Ecclesia
800 4569 868 4646 boc
892 4588 1049 4646 extremo
1074 4583 1163 4640 tem·
1267 4554 1677 4638 Qut‘ssttdtttilblss‘thil‘es
1692 4563 1830 4676 ξῡῐθῦῐθῐ

177 4705 262 4778 pore
295 4705 359 4753 suo
389 4681 515 4751 orabat
538 4681 720 4750 ardentius
741 4702 846 4774 quarn
873 4699 1030 4770 uuquam
1052 4686 1166 4755 antea,
1266 4657 1376 4722 ΜΒ
1390 4663 1599 4742 ¹¹¹³fi⁰¹⁸¹¹¹q¹²0
1616 4668 1839 4738 “mPsst-‘fflffls

180 4787 280 4858 cuins
301 4783 517 4854 calamitates
540 4782 579 4850 in
603 4775 670 4852 hoc
686 4793 778 4852 statu
794 4778 905 4871 ipsius
921 4777 1049 4846 misero
1066 4787 1099 4846 et
1114 4773 1166 4843 al·
1266 4759 1306 4826 Et
1322 4765 1376 4848 qul
1391 4764 1534 4844 massine
1548 4781 1604 4821 ¹¹⁰⁸
1621 4771 1676 4820 ²¹¹⁰
1692 4755 1862 4880 ¹⁰<J0mP¹⁰⁸

180 4885 377 4961 llictissimo
399 4879 627 4955 vehementer
641 4904 722 4953 eum
739 4881 963 4961 cruciabant,
988 4881 1032 4950 de
1050 4901 1118 4970 quo
1135 4891 1168 4947 et
1267 4861 1418 4944 E¹⁸¹¹ffi⁸=
1445 4875 1565 4948 ”pum
1578 4861 1712 4946 ΜΨ·
1730 4869 1837 4934 ¹⁰⁸l⁰⁸2

178 5011 283 5060 voces
304 5001 410 5082 atque
433 4986 706 5066 contestationes
729 4985 826 5055 illius
850 5005 955 5074 supra
973 4979 1169 5052 retulimus.
1270 4965 1474 5052 ostendisque
1492 4969 1552 5048 vlit
1568 4977 1656 5026 tuum
1668 4971 1842 5089 &mmm
1886 5003 1891 5012 ·

178 5089 227 5164 Et
249 5093 449 5186 plerunque
469 5088 508 5157 iri
526 5082 583 5158 bis
600 5087 738 5156 ultimis
753 5111 818 5179 pro
833 5081 988 5156 Ecclesia
1006 5081 1170 5176 precibus
1269 5067 1392 5135 ΝΟΜ
1410 5067 1529 5136 christe
1545 5087 1661 5149 tempas
1699 5057 1714 5149 )
1734 5061 1841 5124 300020
1854 5069 1988 5148 mm.

179 5195 275 5276 suis,
300 5187 370 5263 boc
384 5190 547 5262 disertea
563 5187 640 5262 Deo
656 5201 772 5283 petere
787 5187 936 5268 solebat,
962 5197 1002 5256 ut
1019 5181 1171 5256 coniun-

182 5349 378 5370 ··“·““·“““
1033 5323 1039 5334 ’
1256 5319 1301 5385 59)
1310 5318 1466 5388 praelegit]
1483 5311 1534 5369 Ed.
1546 5309 1575 5367 2.
1590 5301 1692 5372 dnsdt.

174 5422 176 5430 '
215 5421 263 5490 5⁸)
282 5419 344 5475 otta
362 5417 471 5485 dama]
488 5415 577 5474 Edi.
594 5419 630 5478 m.
964 5485 969 5498 .
1087 5481 1092 5492 Ι
1256 5407 1303 5477 60)
1322 5409 1444 5471 semper]
1459 5398 1509 5454 Ed.
1521 5397 1547 5454 t.
1563 5407 1672 5542 prosper.
