4888 5962
280 210 357 284 aar
397 177 399 182 ’

282 406 358 454 eam
373 403 447 450 non
464 378 579 450 solum
594 379 872 465 defendendam,
896 381 959 450 secl
980 379 1087 452 etiam
1107 383 1195 454 adeo
1216 405 1277 451 or-

282 485 459 568 nandam,
489 494 530 552 ut
560 481 754 572 sapientiae
775 481 843 554 Dei
870 493 906 554 et
927 483 1173 575 providentiae
1197 507 1277 554 eam

283 608 478 674 congruere
498 583 665 658 dixerint.
723 583 783 656 Sic
805 584 901 654 enim
925 586 1203 670 ratiocinantur:
1233 583 1277 655 lu

248 679 250 684 ⁸
283 689 430 757 materia
446 701 481 756 et
498 685 786 776 generationibus
802 687 893 756 nulli
912 687 1057 760 eliectus
1071 689 1182 774 liunt,
1206 687 1277 758 nisi

870 203 1298 300 *Quassttoutts
1331 201 1741 284 acauuutcstt

2245 200 2335 280 788

1380 371 1557 462 Responsio
1585 373 1630 442 ad
1650 371 1874 528 qaaestq'ppqqq
1896 369 2100 457 propositum
2126 369 2167 442 de
2187 369 2271 443 aare

1807 480 1825 524 a
1875 503 1886 530 .
1991 521 1994 528 ,

1432 578 1482 654 Ut
1497 581 1612 654 fuetrrs
1628 580 1666 675 in
1680 581 1762 654 alvo
1782 584 1881 654 sedet
1892 547 2087 654 ¹involutus
2108 580 2182 652 suis
2196 579 2336 654 fascio·-

1330 683 1396 769 lis,
1421 697 1457 756 et
1477 685 1586 754 alitur
1609 698 1769 756 materno
1797 686 1888 758 lacte
1912 708 1976 776 per
2001 685 2242 778 cotyledones:
2273 675 2338 756 ita

282 789 463 882 prioribus
477 787 590 858 causis
600 781 768 858 omnib'us
781 791 1091 862 concurrentibus:
1120 789 1168 864 Ut
1183 804 1276 861 terra
1301 835 1307 920 1
1331 809 1397 856 nos
1427 786 1466 854 in
1489 781 1646 856 Ecclesia
1670 788 1792 856 sedere
1821 787 1960 905 quietus
1990 787 2196 878 oportebat,
2228 787 2339 906 velut

284 892 397 982 gig'nit
409 893 546 979 fruges,
571 892 633 960 se'd
651 891 713 976 ita,
735 915 814 962 cum
831 891 966 980 rigatur
979 894 1024 962 ab
1038 917 1148 987 aqua,
1173 906 1206 964 et
1222 893 1278 962 fo·
1332 889 1514 960 involutus
1538 891 1645 958 verbu
1662 887 1746 974 Dei,
1766 902 1801 960 et
1821 891 1871 961 alr
1886 891 2011 960 divino
2031 890 2121 960 lacte
2135 913 2197 982 per
2214 913 2338 958 manr-

286 1007 389 1062 vetur
411 993 456 1062 ab
479 1005 577 1076 aare,
607 1016 673 1064 nec
689 993 863 1064 elementa
888 1007 972 1066 sunt
995 995 1182 1077 salutaria,
1207 993 1278 1064 nisi

1331 992 1478 1062 sterium
1503 985 1774 1080 Evangelicuur,
1805 1015 1871 1064 nec
1901 1015 2065 1084 rumpere
2096 987 2162 1062 baa
2187 1006 2337 1064 nostras

285 1093 457 1164 alumine
474 1106 508 1164 et
527 1106 629 1164 motu
645 1093 786 1166 coelesti
803 1095 875 1164 vim
892 1096 1075 1189 accipiant.
1127 1096 1200 1168 Nec
1221 1098 1279 1166 lu-
1330 1093 1512 1174 fasciolas,
1539 1106 1572 1162 et
1589 1115 1758 1188 quaerere
1775 1093 1978 1185 peregrinas
1992 1095 2191 1186 opiniones.

284 1220 368 1266 men
386 1209 421 1266 et
435 1209 554 1266 motus
568 1197 658 1268 coeli
677 1211 859 1268 servarent
872 1199 1057 1286 ordinem,
1084 1201 1154 1270 nisi
1170 1225 1189 1270 a
1203 1199 1279 1292 pri-

284 1322 342 1368 ma
361 1321 465 1367 causa
482 1312 690 1388 regerentur
702 1312 738 1370 et
752 1314 989 1374 servarentur.
1030 1299 1105 1372 lam
1121 1303 1205 1372 siin
1223 1296 1280 1370 his

284 1399 480 1470 necessaria
495 1413 548 1469 est
560 1401 733 1470 connexio
754 1425 960 1489 causarum,
987 1405 1055 1474 erit
1071 1417 1106 1476 et
1121 1427 1281 1474 necessa-

285 1503 338 1572 ria
355 1502 395 1572 in
410 1500 612 1572 actionibus
627 1497 807 1590 humanis,
830 1505 913 1599 quia
929 1506 1063 1599 alioqui
1080 1507 1280 1578 destruere-

287 1621 346 1674 tur
370 1603 521 1694 species,
553 1603 623 1674 nisi
652 1619 686 1676 et
716 1605 791 1698 ipsa
819 1621 1003 1698 regeretur
1024 1621 1057 1678 et
1082 1622 1282 1680 servaretur

286 1705 444 1798 aprima
471 1728 586 1780 causa.
645 1703 736 1779 Cum
761 1724 879 1782 autem
905 1710 1100 1780 necessaria
1121 1711 1167 1782 sit
1193 1735 1282 1786 cen·

287 1807 392 1878 nexio
413 1831 619 1894 causarum,
639 1823 675 1880 et
690 1824 814 1898 agente
831 1812 1055 1906 propinqua,
1081 1813 1154 1904 agit
1175 1815 1281 1882 etiam

286 1909 421 2004 prima,
447 1910 608 2004 sequitur
630 1913 751 1982 omnia
777 1913 974 1984 necessario
998 1915 1094 2001 lieri,
1119 1939 1200 1986 cum
1224 1915 1283 1984 in-

287 2011 488 2108 pulsionem
504 2007 665 2105 prior'um
681 2037 865 2086 causarum
882 2016 1062 2107 proximae
1077 2029 1282 2111 sequantur.

389 2144 543 2215 Addunt
559 2157 594 2216 et
613 2139 682 2215 hoe
697 2161 962 2237 argumentum:
991 2149 1119 2222 Divina
1142 2150 1281 2243 praevi-

288 2247 341 2318 sio
359 2258 394 2316 et
414 2246 663 2316 determinatio
682 2261 733 2319 est
760 2250 1010 2322 immutabilis:
1036 2247 1171 2323 Omnia
1193 2255 1284 2324 liunt

286 2346 364 2420 Deo
381 2348 608 2438 praevidente
624 2363 659 2420 et
676 2351 952 2424 determinante:
979 2353 1073 2426 Sunt
1087 2355 1197 2445 igitur
1213 2358 1283 2425 im-

288 2449 478 2520 mutabiles
492 2463 527 2520 et
543 2452 730 2521 necessarii
749 2469 910 2530 eventus.
951 2451 1001 2526 Et
1018 2458 1150 2529 multae
1166 2472 1284 2528 muta-

289 2551 405 2622 tiones
425 2551 589 2642 publicae
609 2565 644 2622 et
666 2554 826 2646 privatae
846 2557 897 2626 sic
917 2560 1104 2645 accidunt,
1138 2573 1180 2631 ut
1197 2561 1284 2630 dili-

288 2653 443 2744 gentiam
474 2649 667 2724 humanam
693 2657 789 2727 vinci
818 2660 956 2728 arcanis
988 2662 1102 2731 causis
1132 2663 1284 2732 manife-

287 2768 382 2826 stum
397 2755 454 2828 sit.
509 2753 593 2826 ldeu
608 2757 727 2852 aliqua
746 2773 839 2830 certe
854 2761 953 2832 fatali
972 2763 1180 2835 necessitate
1201 2787 1282 2834 eve-

287 2857 367 2926 nire
385 2859 652 2930 runcedendum
670 2875 734 2937 est.
795 2861 917 2952 Quare
933 2877 967 2935 et
984 2862 1163 2937 Pindarus
1177 2868 1283 2938 dixit:

287 2957 417 3032 Fatum
447 2984 565 3056 neque
593 2961 687 3053 ignis
710 2986 827 3060 neque
853 2967 989 3038 ferreus
1012 2989 1138 3040 murus
1165 2993 1284 3040 arcere

288 3075 416 3154 potest.

378 3193 476 3265 Haec
491 3219 572 3268 cum
588 3197 774 3288 splendide
789 3199 969 3289 dicuntur,
995 3204 1191 3276 multorum
1207 3205 1284 3276 ani-

289 3317 368 3367 mus
393 3311 548 3368 movent.
600 3297 671 3370 Sed
695 3299 734 3370 in
756 3301 949 3372 iudicando
970 3307 1160 3396 prudentia
1180 3303 1285 3378 adbi-

152 3487 157 3498 ,
288 3399 407 3470 benda
432 3411 501 3484 est,
534 3410 568 3469 et
586 3399 743 3493 primum
767 3399 1049 3477 constantissime
1076 3411 1283 3480 retinendae

290 3513 374 3572 sunt
390 3497 457 3570 bae
473 3503 563 3570 dnae
578 3505 788 3574 sententiae:
814 3500 939 3576 Deum
953 3530 1028 3578 esse
1042 3535 1158 3605 agens
1173 3509 1286 3582 fiher-

291 3601 437 3676 rr'mum.
488 3597 637 3674 Deinde
653 3627 715 3675 nec
732 3602 821 3678 velle
832 3601 974 3698 Deum,
1000 3635 1062 3683 nee
1077 3613 1285 3712 approbare

290 3727 354 3774 '²⁶⁶
374 3699 514 3804 ‘fficm
536 3714 697 3802 maia·
747 3707 920 3805 se(immi
944 3737 1048 3804 “8⁰²
1072 3717 1149 3786 fieri
1173 3719 1285 3788 ΜΗΘ·
1338 3751 1409 3822 iam
1425 3751 1563 3836 dixisti,
1583 3751 1670 3820 olim
1685 3776 1827 3846 quoque
1845 3755 2125 3846 perniciosarum
2140 3758 2335 3832 dissensio-
2442 3797 2443 3810 ¹

289 3831 354 3877 nes
387 3807 503 3876 malas
523 3809 696 3880 electione
727 3812 839 3884 libera
874 3809 1052 3886 humanae
1079 3819 1286 3906 voluntatis,

290 3933 358 3980 nee
380 3909 522 3980 volente
546 3935 610 3981 nec
639 3913 862 4004 impellente,
895 3939 960 3988 nee
982 3919 1173 3992 adiuvante
1198 3920 1284 3992 Deo.

290 4009 375 4081 ldeo
397 4011 491 4083 Psal.
517 4013 653 4110 inquit:
691 4013 775 4088 Non
798 4013 895 4089 Deus
922 4018 1137 4114 impietatem
1162 4025 1286 4095 volens

291 4123 330 4182 tu
346 4137 393 4182 es.

393 4243 473 4318 Etsi
502 4261 621 4320 autem
650 4265 735 4324 sunt
756 4253 870 4348 aliqui
897 4255 1020 4328 fatales
1045 4275 1209 4348 eventus,
1240 4265 1285 4334 de

292 4348 424 4443 quibus
437 4347 616 4422 Pindarus
636 4353 817 4449 loquitur,
843 4371 885 4429 ut
901 4359 1032 4432 multae
1049 4377 1133 4436 stant
1150 4389 1285 4456 poenae

291 4453 456 4543 publicae
475 4466 509 4524 et
529 4453 704 4546 privatae,
730 4481 820 4552 quae
841 4453 997 4532 humana
1021 4465 1205 4556 diligentia
1230 4469 1282 4537 vi-

291 4554 361 4624 tari
393 4579 468 4626 non
503 4570 669 4648 possunt,
703 4573 821 4631 tamen
854 4585 978 4634 causae
1012 4580 1285 4657 antecesserunt,

293 4679 383 4748 quae
416 4657 525 4727 vitari
561 4673 737 4752 poterant.
796 4661 1011 4760 Quanquam
1046 4683 1164 4742 autem
1199 4667 1285 4744 llaec

1420 1192 1516 1266 Haec
1533 1195 1717 1284 diligentia
1735 1196 1942 1268 retinendae
1959 1199 2142 1270 doctrinae
2158 1195 2341 1282 coelestis,

1333 1310 1368 1368 et
1389 1297 1546 1368 officium
1569 1295 1646 1367 Deo
1670 1297 1907 1386 gratissimum
1936 1313 2008 1385 est,
2033 1313 2068 1370 et
2089 1299 2252 1372 udutaris
2270 1314 2340 1374 est

1333 1401 1427 1470 vitae
1444 1413 1596 1473 nostrae.
1631 1397 1788 1493 ldeoque
1801 1401 1931 1472 clamat
1944 1397 2137 1494 Propheta:
2159 1402 2338 1474 Lucerna

1334 1503 1484 1589 pedibus
1507 1503 1595 1571 meis
1616 1504 1764 1571 verbum
1781 1516 1898 1574 tuum.
1953 1500 2026 1576 Sed
2048 1519 2180 1576 mentes
2196 1501 2340 1576 buma-

1334 1627 1401 1674 nae
1422 1602 1578 1674 mirabili
1594 1605 1750 1697 quadam
1766 1604 1907 1676 levitate
1928 1605 2034 1678 ludos
2048 1607 2226 1678 variarum
2246 1607 2338 1700 upi-

1335 1707 1485 1778 uionum
1502 1721 1651 1776 amant..
1685 1706 1771 1776 ldeo
1788 1731 1863 1778 non
1876 1709 1992 1780 sulum
2010 1710 2049 1780 in
2065 1707 2238 1796 Ecclesia,
2262 1711 2336 1780 secl

1335 1810 1441 1880 etiam
1471 1807 1510 1876 in
1540 1802 1775 1901 Philosophia
1801 1823 1837 1882 et
1865 1813 2048 1883 cummuni
2068 1813 2165 1898 vita,
2197 1811 2335 1884 mulsae

1335 1922 1559 2006 portentosae
1588 1910 1778 2003 opiniones
1807 1935 1946 2004 semper
1981 1928 2125 2007 vagatae
2160 1928 2261 2001 sunt,
2291 1928 2338 1988 et.

1335 2014 1571 2110 vagabuntur.
1679 2071 1682 2080 .

1438 2113 1510 2184 Nec
1525 2129 1643 2184 tamen
1661 2114 1748 2188 sinit
1763 2139 1910 2208 prorsus
1926 2119 2085 2209 extingui
2101 2117 2199 2192 Deus
2215 2120 2334 2192 lucem

1335 2217 1494 2288 veritatis
1512 2216 1551 2284 in
1566 2215 1723 2291 Ecclesia
1748 2242 1832 2302 sua,
1858 2221 1897 2290 in
1916 2218 1990 2315 'qua
2004 2246 2085 2292 eum
2108 2223 2224 2317 aliqui
2237 2249 2336 2294 mm-

1336 2345 1399 2413 per
1420 2321 1581 2390 custodes
1599 2320 1756 2390 veritatis
1773 2338 1959 2404 maneant,
1987 2319 2116 2396 hurnrn
2131 2351 2219 2398 voce
2234 2324 2337 2398 Deus

1337 2423 1414 2493 vult
1434 2422 1573 2490 moneri
1597 2422 1772 2518 iuniores,
1803 2437 1845 2494 ut
1866 2425 1958 2496 feras
1980 2429 2172 2498 sententias
2192 2429 2335 2520 discant

1336 2538 1370 2595 et
1384 2523 1661 2616 amplectantur,
1687 2523 1776 2594 etin
1795 2528 1912 2615 agnita
1929 2529 2075 2598 veritate
2091 2532 2335 2625 acquiescant,

1335 2625 1412 2698 Deo
1429 2623 1559 2716 gratias
1572 2639 1689 2714 agant,
1708 2628 1804 2720 quod
1820 2627 1992 2699 immensa
2010 2633 2168 2703 bonitate
2180 2657 2224 2704 ex
2240 2635 2332 2706 celsa

1335 2753 1414 2798 arce
1437 2752 1522 2813 sua,
1547 2729 1592 2797 ad
1615 2751 1681 2797 nus
1700 2728 1849 2800 miseros
1870 2731 1973 2824 quasi
1994 2735 2231 2821 descendens,
2255 2758 2333 2808 sese

1338 2829 1517 2924 patefecit,
1542 2843 1577 2900 et
1600 2843 1667 2900 nus
1687 2832 1839 2918 erudiit,
1865 2847 1900 2904 et
1922 2838 2190 2908 accommodent
2209 2863 2334 2910 veram

1336 2929 1534 3004 doctrinam
1555 2934 1600 3002 ad
1625 2932 1906 3021 invocationem,
1932 2949 1967 3006 et
1988 2939 2034 3008 ad
2057 2939 2148 3010 alios
2164 2965 2250 3012 usus
2272 2965 2332 3012 sa-

1336 3036 1486 3120 lutares,
1511 3057 1575 3104 nec
1590 3035 1808 3126 applaudant
1821 3037 1901 3108 aliis
1920 3039 2154 3132 opinionibus
2165 3067 2335 3136 pugnan-

1338 3137 1435 3210 tibus
1449 3159 1529 3206 cum
1545 3137 1624 3206 lnce
1641 3137 1776 3211 diviua.

1439 3239 1510 3311 Sed
1533 3238 1760 3329 ingeniorum
1783 3239 1909 3311 levitas
1931 3255 1992 3316 sut
2015 3245 2224 3337 perversitas
2244 3241 2336 3321 haee

1338 3341 1479 3412 vincula
1495 3342 1618 3410 divina
1632 3365 1707 3410 non
1722 3343 1866 3434 patitur.
1920 3341 2005 3415 ldeo
2022 3347 2119 3418 velut
2134 3372 2226 3418 mare
2239 3352 2333 3422 sub·

1338 3445 1422 3516 inde
1437 3443 1518 3514 aliis
1533 3443 1648 3512 ventis
1673 3445 1855 3532 turbatur,
1881 3446 1930 3518 ita
1947 3449 2098 3520 varietas
2116 3451 2332 3541 opinionum

1338 3545 1490 3618 subinde
1506 3541 1697 3616 horribiles
1712 3558 1934 3638 tempestates
1948 3551 1988 3620 iu
2001 3546 2156 3624 Ecclesia
2170 3554 2313 3629 excitat.

1437 3645 1485 3718 Et
1505 3647 1592 3718 haee
1614 3648 1690 3740 ipsa
1712 3650 1831 3722 Stoica
1853 3653 2106 3741 deliramenta,
2135 3657 2338 3751 dequibus

1338 3879 1424 3927 num
1440 3853 1478 3922 in
1496 3849 1651 3924 Ecclesia
1668 3877 1792 3926 carrsae
1807 3855 1962 3928 fuerunt.
2006 3855 2103 3930 Hinc
2119 3861 2216 3932 enim
2231 3859 2334 3934 Mar-

1338 3956 1452 4027 cionis
1475 3969 1510 4026 et
1532 3949 1826 4027 Manichaeorum
1851 3953 1934 4053 byle
1958 3974 2036 4032 ona
2054 3975 2126 4047 ost,
2149 3975 2183 4034 et
2210 3979 2334 4056 postea

1337 4058 1478 4148 saepius
1499 4058 1545 4128 ab
1564 4057 1661 4142 aliis,
1692 4071 1769 4128 uta
1785 4058 1967 4144 Vallensi,
1999 4065 2188 4136 necessitas
2212 4065 2334 4140 Stoica

1338 4163 1378 4232 iu
1391 4156 1586 4231 Ecclesiam
1603 4161 1742 4232 invecta
1755 4175 1818 4238 est.

1440 4259 1519 4334 Etsi
1541 4275 1659 4332 autem
1683 4287 1780 4332 nunc
1802 4264 1970 4356 explicari
1994 4261 2081 4340 haec
2095 4269 2258 4362 quaestio
2275 4270 2334 4342 in-

1338 4377 1433 4455 tegre
1453 4388 1526 4435 non
1545 4377 1680 4456 potest,
1706 4379 1827 4436 mmen
1842 4367 2004 4440 iuniores
2019 4383 2053 4442 et
2076 4373 2273 4460 admoneo,
2297 4387 2335 4448 et

1338 4479 1483 4560 propter
1504 4467 1653 4558 gloriam
1675 4467 1749 4538 Dei
1772 4469 1949 4555 obtestor,
1983 4485 2023 4542 ut
2045 4487 2252 4548 constanter
2272 4499 2335 4548 ex-

1337 4571 1488 4663 plodaut
1506 4569 1645 4642 Stoicos
1666 4570 1824 4657 furores,
1855 4586 1890 4644 et
1910 4585 2083 4661 statuant,
2114 4571 2231 4648 Deum
2251 4603 2336 4650 vere

1337 4695 1411 4743 esse
1431 4695 1537 4763 agens
1552 4673 1798 4759 liberrimum,
1823 4697 1890 4746 nec
1903 4699 2045 4748 cauum
2065 4701 2139 4750 esse
2154 4679 2334 4754 malarum

294 4760 452 4850 quaestio
484 4759 621 4852 integre
652 4762 692 4832 in
721 4757 788 4836 hac
814 4769 984 4856 temporis
1016 4767 1177 4861 angustia
1209 4797 1284 4848 nun
1336 4768 1748 4850 actionumiubomine.

292 4872 407 4950 potest
420 4861 598 4952 explicari,
620 4877 832 4938 tamencum
847 4869 937 4940 utile
951 4871 996 4942 sit
1013 4872 1171 4945 iuniores
1186 4898 1284 4950 cem·

1438 4875 1604 4949 Statuant
1620 4877 1737 4964 etiam,
1762 4873 1878 4950 Deum
1896 4878 2051 4951 voluisse
2065 4881 2244 4978 reliquam
2259 4907 2334 4956 essa

291 4960 490 5032 moneberi:
523 4960 603 5036 Oro
625 4968 742 5040 virum
767 4969 1003 5042 clarissimum
1026 4972 1071 5049 D.
1092 4972 1283 5050 Ductorem
1335 4977 1537 5050 libertatem
1559 4979 1733 5073 aliquam,
1766 4979 1806 5050 in
1830 4975 1897 5054 has
1917 4987 2121 5078 quanquam
2144 4985 2276 5059 misera
2297 4999 2334 5060 et

177 5161 181 5168 Ι
292 5053 494 5156 Georgium
509 5059 722 5153 Maiorem,
754 5085 796 5144 ut
813 5073 858 5142 de
881 5073 1060 5146 solutione
1081 5077 1283 5152 Stoicorum
1335 5083 1524 5174 depravata
1542 5077 1729 5152 hominum
1744 5095 1882 5168 natura,
1900 5097 1941 5156 nt
1953 5085 2142 5178 disciplina
2156 5089 2235 5179 regi
2248 5111 2331 5182 pos-

291 5179 581 5255 argumentorum
613 5171 752 5268 aliquid
774 5175 888 5262 dicat,
930 5191 965 5248 et
988 5201 1052 5250 suo
1078 5182 1284 5256 testimonio
1335 5197 1405 5268 set,
1441 5184 1480 5253 in
1507 5176 1699 5277 qua'adeo
1726 5198 1884 5256 nostram
1910 5187 2152 5261 obedientiam
2180 5191 2332 5286 requirit

289 5269 470 5354 ostendat,
507 5263 600 5342 hanc
634 5269 791 5348 scholam
824 5300 845 5348 a
878 5275 1008 5352 Stoicis
1025 5283 1284 5397 xdeliramentis
1335 5285 1432 5360 Deus
1452 5287 1705 5372 ab'omnibus,
1727 5298 1768 5358 u't
1784 5288 2006 5360 terribilibus
2022 5293 2247 5386 exemplisin
2265 5289 2332 5366 hat
2440 5355 2441 5376 a

290 5363 494 5448 abhorrere.

1335 5389 1408 5462 vita
1423 5387 1632 5483 disciplinae
1647 5389 1880 5466 violationem
1893 5391 2033 5485 puniat.
