4884 5950
135 201 212 278 921

134 371 374 464 disciplinam,
390 386 424 446 et
441 373 503 470 qui
519 373 739 468 obtemperat
754 374 975 461 correctioni,
991 369 1128 448 honore

133 477 319 552 afficietur.

498 576 596 670 tage
610 577 761 656 Statuta.

377 755 459 826 Post
478 741 646 826 lectionem
667 759 882 832 Statatornm.

232 879 315 952 Non
329 881 455 950 addam
472 881 671 970 longiorem
688 885 992 958 declamationem.
1033 883 1126 956 Nul-

131 985 204 1055 lius
236 984 333 1052 enim
367 983 480 1052 oratio
509 983 589 1074 plus
614 985 814 1056 autoritatis
846 983 977 1058 habere
1002 989 1125 1072 debet,

131 1109 239 1182 quam
262 1085 338 1177 ipsa
360 1109 426 1153 vox
448 1085 552 1174 legis,
578 1111 684 1180 quam
707 1085 821 1174 scitis,
852 1104 892 1160 ut
913 1105 1015 1162 antea
1039 1089 1125 1175 dixi,

131 1185 343 1281 ipsissimam
360 1183 427 1256 Dei
443 1211 563 1258 vocem
580 1211 670 1273 esse,
694 1203 877 1262 sonantem
898 1193 937 1262 in
954 1191 1123 1286 imperiis,

130 1305 168 1362 et
180 1291 436 1380 gubernantem
452 1282 640 1358 hominum
658 1305 790 1378 coetus,
815 1293 906 1364 sicut
920 1295 969 1366 ait
983 1293 1125 1385 sapien-

129 1392 182 1464 tia
206 1391 289 1462 Dei:
315 1389 384 1460 Per
405 1413 462 1458 me
483 1412 580 1480 reges
600 1408 767 1481 regnant,
799 1409 833 1466 et
856 1396 991 1466 iudices
1015 1396 1124 1466 iustas

131 1493 227 1585 leges
249 1493 379 1564 ferunt.
439 1487 489 1562 Et
511 1518 617 1585 quam
638 1495 873 1566 necessarium
899 1497 1054 1570 officium
1079 1497 1124 1568 sit

130 1595 247 1665 vereri
272 1595 385 1684 leges,
411 1605 445 1664 et
465 1593 515 1662 eis
534 1597 796 1687 obtemperare,
822 1599 892 1668 iam
909 1600 1043 1670 dictum
1062 1613 1123 1668 est.

129 1695 228 1769 lllud
242 1711 358 1766 autem
376 1709 415 1766 ut
437 1695 621 1778 adiiciam,
646 1720 791 1788 magnae
810 1714 980 1790 etgraves
1001 1725 1123 1772 causae

131 1813 228 1872 sunt.
278 1796 430 1869 Crebrae
444 1797 613 1868 dicuntur
633 1822 706 1868 esse
729 1817 923 1874 nocturnae
937 1802 975 1870 in
1000 1802 1123 1893 plateis

131 1901 406 1983 discursationes
429 1913 465 1969 et
479 1901 758 1972 vociferationes.
809 1901 991 1980 Interdum
1015 1903 1122 1972 etiam

129 2003 243 2097 aliqui
267 2027 308 2071 ex
328 2001 457 2070 nostris
482 2015 609 2092 gerunt
629 2027 737 2075 arma.
789 2000 989 2076 Audivistis
1004 2020 1121 2076 antem

131 2106 289 2175 edictum
312 2103 577 2194 gravissimum,
611 2117 646 2174 et
669 2106 806 2197 optimo
823 2107 972 2178 consilio
990 2131 1123 2202 propo-

130 2209 239 2278 situm
256 2231 276 2276 a
292 2204 535 2275 laudatissimo
546 2205 712 2298 Principe
724 2205 823 2278 Duce
837 2207 1030 2294 Frideriro,
1048 2234 1120 2302 quo

128 2323 166 2380 et
191 2322 382 2378 nocturnae
405 2306 487 2376 illae
512 2307 786 2379 discursationes
815 2327 849 2382 et
871 2335 968 2380 arma
997 2305 1121 2404 prohi-

128 2413 273 2481 hentur.
327 2407 446 2497 Quare
462 2409 648 2480 autoritate
664 2409 892 2501 Magistratus
909 2437 1013 2508 quem
1028 2435 1122 2502 gero,

626 195 935 294 aesopum
959 197 1036 276 nr
1068 195 1301 278 saevas
1334 195 1689 279 cormones.
1805 305 1807 310 y

2092 203 2167 280 aaa
2214 186 2217 192 ’

1180 372 1315 443 tinetur
1329 373 1418 460 vita,
1442 375 1561 445 verius
1578 399 1683 470 quam
1698 375 1805 446 armis
1820 389 1879 447 aut
1893 377 1976 447 ullis
1991 377 2071 448 allis
2085 402 2166 448 mu-

1179 476 1358 558 nimentis.
1409 473 1459 550 Et
1475 472 1602 550 harum
1625 491 1801 550 tantarum
1824 503 1943 548 rerum
1961 481 2116 551 studium
2133 493 2167 551 et

1179 577 1446 668 explicationem
1466 579 1600 670 flagitat
1623 605 1642 650 a
1663 579 1769 653 nobis
1790 577 1947 674 Respub.
1971 581 2165 674 etquidem

1178 679 1216 747 in
1232 675 1297 748 hac
1311 674 1441 750 Schola
1459 683 1644 774 praecipue
1659 682 1761 754 floret
1777 683 1938 752 doctrina
1954 679 2165 774 Religionis,

1178 795 1211 850 et
1230 781 1381 850 aliarum
1405 783 1554 868 artium,
1580 807 1670 878 qnae
1686 807 1747 854 vos
1768 785 1813 853 ad
1832 784 1997 854 virtutem
2017 779 2165 855 hortan-

1176 899 1246 954 tur.
1299 879 1391 953 Cum
1413 884 1522 974 igitur
1544 887 1581 954 in
1602 901 1672 954 tam
1696 885 1841 955 sublimi
1869 888 1980 976 gradu
2004 886 2165 956 collocati

1177 985 1304 1072 simus,
1330 984 1368 1054 in
1385 1011 1455 1079 quo
1470 988 1585 1057 studia
1604 987 1776 1067 veritatis,
1803 987 1978 1066 iusticias,
2005 1002 2039 1058 et
2054 1001 2165 1057 eaete-

1176 1111 1297 1156 rarum
1322 1088 1495 1158 virtutum
1515 1089 1633 1178 vigere
1663 1089 1811 1174 debent,
1843 1089 1992 1180 cogitate
2021 1113 2165 1183 quaeso,

1176 1213 1282 1282 quam
1317 1189 1517 1278 indignum‘
1540 1193 1586 1260 sit
1620 1186 1687 1260 hoc
1721 1191 1847 1260 ordine
1881 1191 1979 1260 velut
2013 1191 2165 1260 furiosos

1175 1291 1296 1358 omnia
1329 1291 1538 1384 disciplinae
1571 1294 1736 1385 repagula
1769 1315 2015 1384 perrumpere,
2047 1293 2165 1362 nullas

1175 1393 1352 1462 moderari
1367 1393 1586 1486 cupiditates,
1610 1407 1743 1464 certare
1758 1387 1974 1464 Antociianis
1992 1388 2165 1464 heluatio-

1176 1496 1303 1586 nibus,
1329 1495 1479 1584 grassari
1500 1498 1680 1566 latronum
1707 1521 1805 1565 more
1829 1497 1867 1564 in
1893 1495 1979 1564 locis
2003 1495 2164 1587 publicis.

1175 1594 1271 1665 Haec
1291 1595 1322 1665 si
1343 1597 1499 1668 facerent
1519 1599 1631 1692 aliqui
1647 1598 1811 1668 destinati
1829 1599 1920 1667 vitae
1941 1597 2165 1682 rrtortastirae,

1175 1711 1237 1767 aut
1271 1700 1484 1785 sacerdotes,
1522 1723 1641 1768 nonrrc
1674 1723 1797 1768 onmes
1830 1699 2071 1784 clamitarent,
2106 1699 2165 1766 in-

1175 1800 1379 1888 dignissima
1395 1825 1467 1870 esse
1483 1801 1556 1869 illis
1572 1801 1873 1892 professionibus?
1904 1797 2010 1869 Nunc
2027 1827 2046 1870 a
2063 1801 2163 1870 vobis

1173 1895 1259 1970 haee
1277 1902 1384 1986 bunt,
1408 1902 1470 1996 qui
1490 1903 1601 1972 multo
1621 1903 1814 1993 augustiori
1833 1902 1950 1991 generi
1969 1902 2059 1973 vitae
2076 1927 2165 1972 cora-

1173 1997 1412 2083 secrati'estts,
1438 2005 1603 2074 videlicet
1618 2005 1828 2096 professioni
1845 2005 1999 2074 veritatis
2011 2018 2046 2074 et
2060 2005 2163 2076 iusti-

1173 2106 1258 2176 ciae.
1310 2103 1368 2174 An
1390 2129 1464 2174 non
1491 2106 1663 2197 respicitis
1682 2105 1867 2176 vos?·non
1886 2106 1982 2176 venit
2005 2107 2043 2174 in
2063 2131 2163 2174 nteri-

1175 2219 1246 2276 tem
1269 2206 1482 2300 aliquando,
1510 2232 1581 2299 quo
1602 2209 1640 2276 in
1662 2211 1772 2298 gradu
1796 2231 1860 2277 vos
1874 2205 2031 2298 Respub.
2050 2209 2162 2277 collo-

1173 2309 1327 2379 caverit?
1352 2333 1442 2404 qnae
1457 2307 1571 2378 officia
1583 2307 1679 2378 Deus
1694 2310 1733 2378 in
1749 2305 1813 2379 hae
1828 2309 2011 2379 vocatione
2026 2333 2046 2378 a
2060 2309 2163 2378 vobis

1174 2411 1354 2502 requirat?
1390 2427 1564 2504 quantum
1590 2411 1703 2480 scelus
1726 2411 1773 2481 sit
1797 2435 1859 2480 vos
1883 2409 1960 2480 istis
1989 2411 2162 2481 scandalis
2227 2417 2231 2424 '

129 2513 280 2596 mando,
313 2525 353 2582 ut
384 2507 467 2580 httic
498 2511 613 2582 edicto
643 2513 911 2604 obtemperetis,
946 2517 1041 2607 quod
1075 2517 1120 2583 ad
1174 2512 1344 2581 inlamare
1368 2506 1514 2582 honesta
1533 2512 1673 2585 studia?
1698 2509 1808 2597 Nam,
1834 2526 1873 2582 ut
1889 2511 2024 2593 sciatis,
2051 2507 2162 2581 hone·

128 2637 356 2686 communem
379 2613 480 2682 urbis
504 2613 800 2706 tranquillitatem
823 2632 856 2688 et
880 2617 1121 2710 defensionem
1172 2613 1316 2683 stissimi
1341 2609 1503 2683 homines
1532 2615 1668 2708 aliquot
1701 2609 1884 2684 civitatum
1914 2613 2018 2682 nobis
2047 2613 2161 2708 questi

128 2731 282 2786 vestram
298 2715 447 2783 maxime
465 2715 697 2787 necessarium
715 2730 776 2786 est.
827 2713 1010 2812 Quantum
1025 2709 1119 2786 enim
1172 2729 1274 2796 sunt,
1308 2717 1438 2785 remitti
1466 2718 1612 2786 domum
1641 2710 1868 2785 scholasticos
1891 2713 2022 2785 talibus
2042 2737 2163 2784 assue-

127 2817 278 2912 periculi
301 2829 408 2902 esset,
446 2817 474 2885 si
500 2817 628 2888 irritati
653 2817 864 2911 aliqnando,
904 2822 999 2912 quod
1023 2817 1120 2888 Deus
1171 2819 1280 2888 factos
1297 2819 1474 2901 moribus,
1500 2831 1535 2887 ut
1556 2842 1662 2888 nemo
1684 2839 1744 2886 eos
1760 2819 1852 2886 serre
1868 2815 1995 2908 possit,
2021 2830 2056 2885 et
2079 2815 2160 2886 lite-

127 2913 335 3014 prohibeat,
362 2943 553 3008 pancorum
572 2919 695 3011 culpa,
720 2920 813 2990 cives
829 2945 926 2993 arma
942 2935 1119 3012 caperent.
1172 2943 1231 2989 rae
1256 2918 1351 3010 ipsae
1373 2919 1413 2987 in
1437 2919 1559 2989 odium
1584 2920 1743 2992 veniunt·
1794 2916 1868 2990 Nec
1891 2919 2160 2987 verodubitan·

126 3021 290 3094 Primum
304 3020 413 3110 igitur
437 3021 475 3090 in
500 3015 565 3090 hac
581 3046 635 3106 re,
662 3036 696 3090 et
713 3023 932 3102 communis,
960 3037 995 3094 et
1013 3023 1118 3116 vestri
1172 3024 1258 3091 dum
1278 3033 1347 3105 est,
1379 3022 1466 3114 quin
1495 3022 1583 3091 tales
1608 3033 1753 3112 propter
1782 3015 1869 3089 haec
1896 3019 2059 3088 scandala
2083 3017 2160 3089 Deo

126 3122 279 3218 periculi
294 3123 467 3193 rationem
489 3117 626 3194 habete.
679 3119 818 3192 Deinde
835 3124 940 3194 etiam
961 3124 1120 3213 cogitate,
1173 3145 1303 3214 poenas
1326 3125 1444 3192 daturi
1467 3124 1552 3197 sint.
1596 3121 1712 3194 Multa
1735 3123 1902 3192 nunciata
1924 3116 2161 3191 suntbisan-

127 3225 283 3316 aegrotis
319 3218 383 3294 has
422 3223 691 3294 vociferationes
722 3225 915 3297 admodum
954 3227 1119 3296 molestas
1171 3225 1228 3294 nis
1261 3225 1434 3316 prodigia.
1502 3225 1692 3316 conspecti
1728 3225 1821 3294 intra
1860 3223 2056 3294 triennium
2090 3236 2162 3293 tres

127 3351 215 3401 esse.
274 3323 458 3397 Interdum
479 3325 585 3396 etiam
607 3327 839 3418 perterreberi
859 3327 1022 3420 gravidas
1039 3353 1121 3398 mu-
1170 3325 1352 3412 Cometae,
1391 3353 1580 3398 concussae
1607 3325 1716 3419 Alpes
1747 3339 1981 3406 terraemotu,
2017 3349 2161 3418 quassa-

125 3429 234 3502 lieres
247 3421 305 3498 his
329 3428 534 3502 ululatibus.
583 3424 743 3519 Cogitate
766 3429 871 3500 etiam
889 3443 1061 3523 quantum
1080 3423 1119 3498 hi
1171 3444 1225 3498 tae
1257 3442 1343 3499 sunt
1373 3441 1588 3500 terraemotu
1629 3443 1663 3500 et
1699 3428 1798 3520 ripne
1829 3422 1961 3498 Rheni.
2021 3423 2161 3498 Omitto
2197 3479 2200 3486 Δ

126 3553 262 3616 mores,
288 3543 323 3600 et
346 3525 612 3622 haeeexempla
634 3553 757 3620 graves
780 3543 815 3602 et
835 3525 1003 3602 honestos
1024 3531 1120 3601 viros
1170 3529 1240 3601 alia
1264 3529 1382 3600 multa.
1416 3609 1418 3614 ¹
1442 3527 1540 3600 llaec
1562 3529 1724 3622 prodigia
1747 3529 1993 3598 existimantur
2016 3551 2162 3619 magnas

127 3633 331 3717 offendant,
356 3656 509 3726 quorum
533 3631 664 3702 iudicia
682 3646 908 3703 corttcmnere
930 3633 1117 3726 plusquam
1170 3631 1383 3704 calamitates
1420 3645 1457 3702 et
1494 3631 1708 3700 mutationes
1744 3627 1976 3720 Reipublicae
2017 3627 2161 3720 porten-

125 3733 311 3808 harbaries
329 3749 391 3805 est.
434 3731 619 3804 Postremo
634 3747 848 3804 mementote
865 3759 928 3804 vos
944 3735 983 3802 in
998 3730 1118 3804 schola
1171 3737 1264 3804 dere.
1313 3731 1384 3804 Sed
1418 3733 1653 3804 certissimum
1687 3731 1904 3822 praesagium
1938 3743 1990 3802 est
2021 3731 2161 3828 impen-

123 3837 266 3922 vivere,
290 3849 326 3907 et
346 3834 494 3926 cogitate
515 3849 689 3930 qnantum
712 3859 834 3905 revera
849 3835 1030 3926 dignitatis
1053 3831 1118 3905 ha·
1170 3836 1332 3906 dentium
1367 3825 1606 3906 calamitatum
1641 3829 1727 3904 haec
1758 3827 1943 3902 horribilis
1976 3832 2160 3924 dissipatio

125 3939 211 4012 beat
225 3938 296 4008 vita
309 3932 529 4020 scholastica,
553 3951 588 4007 et
604 3951 735 4030 quauta
754 3937 906 4006 vicissim
924 3939 1118 4009 moderatio
1170 3937 1390 4029 disciplinae.
1441 3933 1617 4007 Omnium
1637 3934 1732 4004 enim
1749 3947 1903 4004 aetatum
1923 3928 2090 4006 historiae
2107 3947 2160 4003 te·

126 4039 281 4113 inomni
297 4039 414 4110 officio
430 4038 640 4132 requiratur.
692 4037 734 4110 ln
754 4039 864 4109 nullis
883 4040 1118 4110 castristauta
1170 4051 1329 4124 staretur,
1357 4040 1471 4110 soluta
1499 4037 1706 4130 disciplina,
1737 4049 1773 4106 et
1805 4037 1920 4128 palam
1954 4037 2160 4107 confirmata

126 4143 271 4214 licentia
300 4141 474 4211 militibus
501 4141 725 4226 conceditur,
757 4155 929 4232 quantum
958 4144 1118 4212 nuncin
1171 4141 1332 4226 lieentia,
1356 4141 1473 4212 statim
1503 4153 1621 4210 secuta
1644 4162 1718 4208 esse
1741 4137 1876 4207 excidia
1900 4138 2101 4223 civitatum,
2126 4149 2161 4208 et

125 4243 297 4318 omnibus
325 4244 432 4313 rebus
459 4241 527 4312 sibi
556 4257 701 4312 sumunt
731 4237 944 4312 scholastici.
1001 4249 1119 4336 Atque
1170 4243 1401 4333 imperiorum
1416 4243 1604 4312 interitus*
1630 4239 1939 4330 Quemadmodum
1956 4241 2053 4310 enim
2071 4253 2161 4310 tern-

126 4347 168 4418 in
199 4341 330 4416 scholis
359 4345 478 4415 decuit
506 4369 581 4414 esse
607 4345 861 4416 sanctissimam
884 4345 1119 4436 disciplinam.
1170 4359 1319 4436 pestates
1339 4357 1435 4416 certo
1447 4360 1613 4414 venturas
1626 4342 1844 4413 denunciant
1869 4343 1997 4412 nubes:
2032 4337 2079 4410 ita
2103 4341 2160 4408 di-

127 4449 271 4540 Quaeso
286 4447 381 4516 enim
396 4445 615 4542 considerate
631 4447 722 4518 vitae
736 4469 859 4536 genus.
902 4444 1117 4540 Quanquam
1170 4445 1340 4538 sciplinae
1351 4445 1567 4536 perturbatio
1583 4459 1616 4516 et
1626 4457 1847 4536 contemptus
1855 4459 1948 4513 certo
1962 4443 2160 4532 significant

127 4550 225 4622 enim
242 4549 304 4620 alii
319 4549 462 4620 ordines
482 4543 667 4618 hominum
688 4548 725 4618 in
748 4547 898 4640 speciem
917 4548 1038 4618 titulos
1055 4543 1118 4618 hn-
1171 4549 1375 4640 impendere
1389 4545 1648 4640 rebuspublicis
1660 4546 1818 4637 ingentes
1832 4543 2056 4618 calamitates.
2088 4543 2159 4613 Ne-

127 4657 236 4724 beaut
263 4649 540 4742 splendidiores,
573 4663 689 4719 tamen
719 4675 843 4720 revera
872 4649 1118 4740 magnitudine
1171 4650 1275 4719 mesis
1291 4641 1392 4718 enini
1405 4650 1549 4740 castigat
1565 4649 1818 4740 petulantiam,
1842 4661 1876 4718 et
1891 4647 1989 4718 Deus
2005 4641 2060 4716 his
2075 4671 2159 4736 poe-

1171 4751 1227 4821 nis
1252 4751 1406 4822 domitos
1437 4746 1599 4821 homines
1626 4763 1765 4820 revocat
1792 4749 1835 4818 ad
1867 4747 2157 4834 moderationem,

126 4751 357 4850 professionis
373 4751 549 4822 antecellit
563 4751 633 4821 vita
655 4747 861 4822 scholastica
876 4752 1042 4821 omnibus
1058 4775 1118 4822 or-

1170 4867 1210 4924 nt
1242 4853 1431 4944 disciplina
1465 4853 1681 4923 restituatur.
1732 4847 1853 4938 Quare
1888 4873 1950 4918 vos
1986 4843 2159 4919 adhortor

126 4856 287 4930 dinibus.
308 4939 313 4946 1
335 4853 417 4924 Νοιι
435 4855 513 4946 plus
527 4853 708 4942 dignitatis
720 4865 788 4936 est,
814 4853 843 4921 si
861 4875 915 4920 res
930 4852 1118 4922 aestimen-

126 4975 199 5044 tur,
225 4982 298 5028 nou
314 4955 421 5039 tituli,
447 4957 484 5024 iu
502 4978 633 5044 regam,
658 4955 871 5046 principum,
898 4955 1118 5046 pontificum,

125 5057 385 5152 Episcoporum
412 5058 672 5140 iniectionibus,
705 5082 810 5148 quam
837 5057 874 5123 in
901 5051 1116 5128 scholastica.

126 5163 202 5234 Nos
223 5163 318 5232 enim
337 5159 492 5230 veritatis
514 5175 547 5228 et
567 5157 725 5228 iustitiae
749 5157 1016 5250 inquisitionem
1034 5183 1118 5249 pro·

124 5267 289 5347 fitemur,
311 5263 440 5356 quibus
455 5260 560 5330 bonis
578 5256 669 5329 nihil
686 5259 844 5328 divinius
862 5255 969 5330 habet
988 5255 1118 5352 huma-

124 5393 213 5441 num
233 5389 355 5457 genus.
407 5361 456 5434 Et
470 5357 596 5433 harum
612 5387 732 5432 rerum
748 5385 815 5453 ope
830 5361 963 5451 regitur
979 5375 1014 5432 et
1029 5385 1117 5432 con·

1169 4955 1423 5040 adolescentes,
1466 4969 1506 5026 ut
1539 4954 1616 5023 sitis
1649 4953 1895 5033 modestiores,
1936 4977 1981 5020 ne
2012 4953 2158 5026 irritetis

1169 5055 1298 5142 Deum,
1315 5071 1355 5127 nt
1369 5057 1521 5148 publicis
1535 5053 1794 5125 calamitatibus
1811 5052 1935 5142 puniat
1947 5049 2038 5124 hanc
2055 5055 2157 5122 effre-

1170 5183 1250 5226 nem
1283 5158 1553 5228 contumaciam.
1608 5150 1788 5227 Prohibeo
1820 5155 1938 5248 itaque
1971 5156 2159 5225 autoritate

1168 5257 1416 5350 Magistratus,
1449 5283 1553 5352 quem
1576 5281 1677 5346 gero,
1709 5271 1743 5325 et
1764 5259 1807 5325 de
1824 5259 1998 5328 sententia
2015 5275 2158 5325 senatus

1168 5361 1398 5447 Academiae,
1432 5363 1624 5430 nocturnas
1650 5359 1935 5451 vociferationes,
1967 5373 2001 5430 et
2024 5359 2156 5430 turnul-
