4888 5962
303 243 379 318 aar
520 297 522 302 ,
890 189 1312 330 ouansrton‘ns
1346 229 1746 312 scannutcan
2260 232 2331 309 aas

275 442 279 451 ’
302 411 481 512 mdpss‘sru
508 409 573 508 per
602 409 816 483 vocabulum
837 408 1113 501 diagrammatos
1135 411 1296 504 explicat,
1347 408 1489 501 publica
1511 433 1592 479 cum
1609 406 1832 501 pervenitad
1849 401 2335 500 periectamsniauctiouem,

302 544 374 618 quo
385 519 545 592 absolute
554 511 614 586 hic
624 515 841 607 significatur
850 515 1148 606 quadrangulum,
1169 537 1294 607 quam·
1308 581 1313 588 ,
1347 535 1420 580 non
1434 511 1562 582 retinet
1577 534 1682 582 suarm
1696 509 1896 580 naturalem
1909 521 2049 593 statum,
2073 509 2120 576 ab
2133 507 2238 578 initio
2251 531 2336 578 con-

303 625 359 694 vis
388 637 422 694 ct
447 620 534 691 alias
555 617 687 708 species
707 617 894 708 planarum
918 615 1112 704 figurarum
1134 638 1294 708 compre-
1346 613 1540 698 stitutum,
1570 615 1633 682 sed
1661 633 1805 704 prorsus
1837 611 2014 680 contraria
2043 609 2233 701 producit,
2274 611 2337 680 de-

302 711 457 808 hendat,
482 713 644 818 συζυγία
664 731 782 788 autem
806 717 963 812 quinarii
984 715 1023 785 lit
1047 739 1110 808 per
1125 718 1295 807 diagona-
1347 714 1518 784 struentia
1535 709 1758 784 harmoniam
1774 711 1903 804 ipsius,
1927 733 2055 802 nempe
2070 712 2162 801 leges
2176 723 2338 782 ettotam

303 829 395 911 lem,
420 819 609 894 habentem
633 820 792 915 quinque
814 834 931 912 partes
949 817 1206 909 coniungentes
1221 820 1294 890 duo
1346 815 1489 908 imperii
1507 815 1677 900 formam,
1701 838 1765 907 per
1786 809 2009 884 harmoniam
2032 813 2129 882 enim
2149 812 2339 906 praecipue

301 929 430 1012 latera,
462 943 624 1018 'quorum
653 923 805 994 alterum
835 934 924 1004 tres,
960 921 1112 992 alterum
1141 935 1296 1016 quatuor
1345 914 1533 992 Platonem
1555 917 1745 1008 depingere
1765 916 1858 1006 leges
1877 911 2101 1007 Rerumpub.
2123 915 2228 984 iacile
2251 937 2338 986 con·

302 1024 412 1100 hahet
426 1037 552 1120 partes.
1347 1031 1416 1091 stat
1438 1043 1480 1088 ex
1494 1017 1698 1090 Aristotelis
1719 1018 1874 1088 sectione
1895 1016 2129 1086 decimanona
2143 1015 2263 1108 probl.
2277 1016 2338 1091 28.

723 1187 731 1204 ,
810 1183 819 1203 ,
1345 1117 1533 1194 Caeterum
1554 1144 1635 1190 cum
1657 1119 1779 1202 omnia
1800 1117 2012 1210 exemplaria
2033 1118 2152 1209 legant
2172 1111 2245 1189 dein
2270 1114 2337 1213 ‹ip-

515 1221 518 1229 ’
584 1281 594 1312 ,
622 1183 793 1312 qufflmf
808 1210 846 1254 ¹¹¹
863 1198 976 1308 ΜΨ
1345 1216 1497 1312 meins,
1521 1245 1588 1294 nec
1609 1203 1754 1307 usitata,
1778 1220 1851 1289 imo
1872 1220 2061 1290 durissima
2082 1219 2128 1290 sit
2144 1221 2333 1312 appellatio

544 1285 616 1380 ‘5¹3⁰
641 1311 823 1386 “imm'‘
842 1310 1050 1380 Momm·
1345 1318 1603 1418 δυσαρμονία,
1629 1324 1844 1395 retineamus
1856 1321 2022 1392 usitatam
2037 1321 2239 1395 lectionem.
2289 1318 2337 1394 Es

314 1495 315 1498 ,
404 1429 507 1519 Quae
526 1427 634 1498 verba
656 1436 768 1496 totam
790 1420 953 1493 Platonis
973 1421 1184 1492 sententiam
1204 1421 1294 1492 eim-
1330 1429 1452 1494 'credo
1468 1421 1560 1494 hanc
1574 1425 1748 1496 veriorem
1764 1446 1856 1508 esse,
1881 1447 1922 1494 eo
1937 1424 2033 1518 quod
2048 1419 2153 1494 Plato
2168 1423 2337 1494 maxims

301 1534 424 1607 meriis
447 1528 603 1602 tenebris
624 1528 794 1596 videntur
818 1524 1021 1608 involvere,
1048 1524 1096 1593 ita
1118 1536 1159 1594 nt
1179 1537 1293 1595 totum
1347 1523 2338 1620 remmpub.dissipationesetconlusionesvolueritpin·

301 1639 437 1707 dictum
468 1624 564 1700 'toliis
582 1627 758 1725 Sibyllae,
797 1641 860 1697 aut
889 1626 1086 1714 aenigmate
1114 1620 1295 1719 Sphyngis
1345 1651 1427 1718 gere
1441 1629 1579 1699 duabus
1593 1629 1745 1698 maxime
1760 1627 2222 1718 insignibusdissonantiis,
2249 1651 2336 1721 qnae

237 1761 244 1766 ·
301 1740 466 1808 videatur
481 1733 678 1804 obscurius.
729 1727 922 1817 Quomodo
938 1727 1033 1796 enim
1049 1726 1085 1794 id
1102 1725 1140 1794 in
1153 1721 1294 1798 hacre-
1345 1732 1384 1799 in
1408 1724 1473 1800 hac
1496 1729 1734 1822 triplicatione
1751 1731 1900 1800 laterum
1917 1729 2104 1800 dulcisono
2118 1729 2333 1800 diatessaron
2377 1808 2381 1814 ¹

141 1860 148 1872 ’
199 1880 213 1902 o
300 1861 383 1911 rum
397 1831 710 1926 natura'possibile
725 1831 800 1900 est?
825 1829 882 1898 vel
896 1828 1035 1898 ratione
1050 1850 1294 1916 numerorum,
1344 1833 1527 1918 accedunt,
1545 1845 1734 1926 manetque
1748 1829 2227 1924 ipsasimiliutdoillustrior.
2249 1828 2333 1900 Per-

300 1943 359 2012 vel
380 1939 622 2030 cuiuscunque
643 1931 869 2028 quantitatis,
900 1929 1160 2022 sesquitertiam
1182 1932 1293 2002 ratio·
1344 1934 1475 2004 tineret
1496 1949 1673 2026 praeterea
1697 1935 1742 2004 ad
1763 1932 2035 2024 explicationem
2056 1928 2221 2002 voc'abnli
2241 1929 2334 2002 llar-

299 2066 383 2114 nem
417 2037 684 2130 componendo,
725 2033 780 2100 vel
810 2055 919 2100 unam
952 2032 1119 2122 praebere
1148 2025 1295 2103 harmod
1344 2035 1502 2119 moriac,
1526 2035 1689 2108 delinitio
1708 2035 1784 2106 eius
1803 2029 2055 2128 Pythagorica,
2080 2058 2161 2104 cum
2182 2035 2335 2128 quadam

299 2143 423 2215 niam?
474 2138 518 2209 ld
547 2137 642 2208 enim
673 2132 892 2224 impossibile
920 2147 972 2202 est
995 2127 1290 2228 exPythagorica
1344 2137 1589 2228 explicatione.
1647 2135 1735 2208 ltem
1756 2135 1893 2206 erudita
1917 2135 2112 2229 disputatio
2136 2137 2180 2204 de
2204 2135 2333 2205 lunda·

300 2243 527 2324 delinitione,
552 2251 587 2308 et
607 2261 649 2307 cx
668 2235 830 2305 doctrina
850 2233 1140 2327 proportionum.
1191 2235 1293 2308 Sicut
1342 2251 1463 2307 mento
1491 2238 1847 2328 concordantiantm,
1888 2238 2018 2332 quibus
2048 2249 2201 2307 utuntur
2230 2231 2334 2308 bodie

162 2333 163 2340 ἵ
299 2345 397 2420 enim
412 2341 601 2433 Diapente,
626 2337 906 2433 quotiescunque
921 2349 1075 2420 auctum,
1100 2359 1175 2408 non
1191 2363 1293 2430 pras-
1343 2353 1504 2410 cantores
1524 2340 1560 2408 in
1584 2351 1862 2430 eontrapnncto,
1892 2351 1932 2410 ut
1956 2353 2099 2408 vocant:
2133 2341 2334 2432 quomodo·
2428 2341 2429 2362 l

299 2445 484 2518 betullam
500 2439 783 2523 consonantiam,
806 2438 854 2510 ita
869 2461 935 2508 nec
949 2438 1182 2512 diatessaron:
1208 2441 1291 2535 quia
1341 2465 1411 2532 que
1434 2441 1516 2510 illae
1537 2441 1633 2532 ipsae
1652 2440 1875 2512 consentiant
1890 2465 1970 2510 cum
1989 2434 2186 2512 harmoniis
2203 2435 2333 2535 Pytha·
2428 2487 2429 2516 t

299 2561 470 2622 neutrum
498 2557 551 2612 est
577 2543 614 2611 in
639 2541 759 2633 aliqua
781 2539 973 2631 multiplici
994 2540 1151 2626 ratione,
1182 2556 1222 2612 ut
1240 2555 1294 2613 est
1342 2543 1481 2631 goricis.
1549 2541 1658 2627 ltem,
1698 2567 1745 2611 an
1774 2567 1815 2612 ex
1845 2542 2106 2616 concordantiis
2137 2557 2333 2624 cantorum,

298 2633 501 2741 Diapason,
527 2667 616 2738 quae
632 2656 771 2714 tantum
788 2635 974 2712 harmonia
991 2656 1092 2712 aucta
1108 2645 1292 2715 constituit
1341 2644 1487 2736 quidam
1517 2658 1611 2716 recte
1638 2644 1871 2726 concludant,
1910 2641 2136 2727 Diatessaron
2163 2667 2241 2714 non
2265 2667 2332 2712 esse

300 2748 528 2832 harmonias,
552 2744 634 2816 ideo
655 2744 688 2813 ei
704 2743 798 2829 soli,
823 2740 1031 2814 Aristoteles
1053 2743 1179 2815 trib'uit
1196 2746 1291 2816 anti·
1340 2742 1585 2816 Harmoniam.
1637 2745 1706 2817 Sed
1724 2740 1884 2818 hocloco
1900 2738 2129 2816 babeudacet
2145 2745 2333 2815 ratiobre-

298 2848 442 2946 phona,
466 2861 508 2920 ut
524 2863 576 2919 est
591 2847 712 2916 videre
729 2845 768 2914 in
785 2845 1019 2916 decimanona
1036 2845 1190 2916 sectione
1205 2871 1292 2940 pro-
1341 2847 1470 2927 vitatis.
1524 2845 1609 2918 ldeo
1628 2841 1696 2918 hoc
1712 2847 1833 2918 labore
1848 2847 2102 2939 supersedebo,
2126 2845 2332 2936 praesertim

298 2955 506 3026 blematum.
549 2947 699 3020 Deinde
720 2969 891 3042 quasnam
913 2941 1116 3018 harmonias
1138 2949 1291 3020 efficeret
1340 2971 1420 3018 cum
1442 2943 1528 3019 haec
1549 2951 1698 3022 maxima
1721 2973 1762 3018 ex
1784 2964 1883 3040 parte
1898 2949 2034 3039 possint
2050 2947 2119 3039 peti
2136 2971 2176 3018 er
2195 2947 2332 3018 Musica

289 3050 750 3146 ‚compositasesquitertim
776 3073 856 3138 cnm
874 3047 1136 3118 intotarerum
1151 3065 1290 3136 natura,
1340 3047 1476 3132 uestit,
1501 3064 1563 3120 aut
1584 3049 1816 3140 stapulensis.
1867 3048 2052 3122 Postremo
2075 3049 2185 3137 igitur
2206 3051 2244 3118 iu
2267 3045 2331 3118 hoc

297 3170 370 3241 tres
399 3167 537 3226 tautum
570 3153 743 3244 perlectae
772 3145 982 3226 harmoniae
1010 3148 1176 3220 inventae
1196 3167 1290 3228 sunt.
1340 3150 1436 3220 dicto
1468 3151 1627 3222 Platonis
1649 3151 1860 3243 Triplicatio
1890 3151 2111 3240 intelligatur
2136 3175 2196 3232 ca,
2227 3149 2332 3244 quam

297 3255 445 3348 Nempe,
475 3253 670 3345 Diapason‚
693 3249 880 3342 Dispente,
902 3249 1185 3330 etDiatessaron,
1208 3255 1290 3346 qui.
1340 3253 1446 3342 vulgo
1461 3253 1719 3326 cubicationem
1735 3277 1912 3326 vocamus.
1964 3253 2171 3325 Sicutinlra
2186 3251 2330 3324 inGeo-

296 3349 366 3430 bus
380 3350 584 3446 congruunt
596 3352 827 3446 compositae,
854 3351 1141 3442 Disdiapasonet
1156 3351 1289 3448 Diapa-
1339 3355 1483 3426 metrica
1504 3355 1749 3448 progressione
1761 3354 1945 3438 Platonis,
1963 3355 2140 3428 auctolida
2156 3353 2328 3446 multipli-
2428 3381 2429 3400 ¹

296 3483 364 3532 son
386 3481 466 3528 cum
482 3455 668 3547 Diapente.
720 3451 822 3541 Quae
842 3448 1049 3524 harmoniae
1064 3455 1288 3528 nullomodo
1338 3457 1430 3525 catio
1452 3458 1798 3550 utriusque'numeri
1820 3457 1901 3528 tec
1923 3459 1947 3526 8
1966 3457 2040 3528 dici
2055 3467 2167 3550 potest
2179 3454 2331 3548 quintu-.

296 3563 390 3632 liunt
416 3583 458 3628 ex
478 3555 738 3652 compositione
759 3569 822 3624 aut
844 3551 1092 3642 Diatessaron,
1117 3571 1179 3628 aut
1199 3555 1287 3628 Dia·
1318 3557 1494 3647 plicatio.
1545 3556 1601 3630 Eo
1617 3558 1712 3628 enim
1728 3561 1834 3632 inodo
1846 3559 2069 3653 sesquitertia
2082 3557 2173 3630 ratio
2186 3553 2326 3628 Diates-

295 3676 411 3758 pente.
463 3659 559 3732 Num
581 3659 692 3748 igitur
713 3656 934 3746 ignorantiae
958 3671 1019 3728 aut
1039 3658 1287 3732 illiberalitatis
1337 3679 1443 3726 saron
1466 3659 1656 3754 quinquies
1679 3661 1880 3732 additurct
1901 3661 2131 3732 constituitur
2149 3657 2330 3752 disdiapar

294 3763 416 3937 §quod
438 3786 501 3832 sua
516 3759 673 3844 noluerit
689 3756 858 3850 intelligi)
875 3761 1092 3829 accusandus
1109 3775 1159 3831 cst
1172 3759 1286 3850 Plato,
1336 3783 1422 3844 son,
1447 3785 1528 3832 cum
1547 3763 1734 3834 semitonio
1754 3763 1913 3848 minore,
1937 3763 2059 3849 idest,
2083 3760 2331 3844 decimans,

328 3859 596 3954 bilosophorum
619 3860 964 3960 praestantissimus?
1021 3858 1196 3933 Neutrum
1219 3859 1287 3935 ho-
1335 3883 1425 3953 qttae
1447 3863 1693 3953 complectitur
1711 3877 1898 3959 utramque
1912 3863 2171 3937 dissonantiam
2191 3863 2332 3954 politia·

294 3959 376 4040 mun
399 3967 473 4035 ullo
497 3966 604 4036 modo
622 3962 887 4032 concedendum
906 3973 974 4030 est:
999 3985 1286 4057 vemmrespon-
1335 3965 1586 4036 destruentem.
1641 3965 1722 4036 ldeo
1739 3965 1840 4036 Plato
1861 3979 2029 4060 tanquam
2050 3959 2266 4038 intermino
2282 3963 2332 4034 ibi

294 4061 464 4150 dendnm,
491 4091 571 4138 eum
586 4066 736 4134 abusum
751 4087 825 4132 esse
841 4063 986 4132 nomine
998 4058 1206 4136 harmoniae
1220 4093 1285 4160 pro
1335 4066 1515 4153 consistit,
1540 4081 1575 4136 et
1596 4067 1731 4156 colligit
1753 4090 1868 4138 annos
1888 4069 1999 4140 totius
2013 4055 2278 4160 progressionis
2290 4067 2331 4136 ab

296 4167 526 4251 dissonantia,
552 4190 642 4260 quae
655 4177 818 4254 generata
833 4176 886 4234 est
899 4187 941 4234 ex
956 4166 1129 4237 concinna
1141 4182 1175 4240 et
1184 4173 1284 4242 suavi
1333 4167 1471 4238 unitate
1485 4193 1548 4240 seu
1566 4169 1742 4262 principio
1758 4169 1916 4262 politiae.
1935 4234 1940 4243 ,

295 4265 483 4341 harmonia
505 4267 751 4351 Diatessaron,
783 4266 874 4336 sicut
893 4266 1000 4356 vulgo
1023 4272 1282 4361 receptaculum

294 4371 474 4442 cadaveris
488 4370 638 4440 dicimus
654 4362 878 4459 sepulchrum
894 4363 1069 4452 hominis,
1094 4373 1163 4464 ipsi
1178 4375 1282 4444 cada-

292 4474 369 4546 veri
386 4466 580 4544 tribuentes
598 4470 751 4561 priorem
769 4464 941 4540 habitum.
994 4469 1046 4542 lta
1058 4495 1207 4563 prorsus
1223 4476 1281 4544 in·
1419 4432 1455 4487 ⁶⁴
1511 4434 1575 4489 ’ω
1661 4439 1697 4490 ³⁸
1784 4437 1852 4550 π]
1959 4469 1961 4474 ’

293 4577 525 4666 telligendum
544 4587 599 4642 'est
621 4571 834 4640 vocabulum
853 4575 920 4664 τῆς
939 4567 1138 4665 ἅρμοιὲίας,
1171 4577 1203 4646 si
1223 4601 1281 4646 re.

208 4705 214 4712 .
292 4676 439 4746 linenda
463 4690 514 4746 est
537 4671 624 4744 haec
645 4673 771 4757 lectio,
797 4697 887 4765 quae
908 4674 1013 4744 etiam
1034 4676 1073 4744 in
1089 4676 1280 4748 Aristotele
1390 4513 1544 4814 N
1695 4551 1832 4822 s
2016 4633 2037 4688 ⁴

293 4783 398 4856 eltat,
424 4778 453 4846 si
468 4801 552 4846 vero
568 4776 651 4845 satis
665 4797 786 4865 graece
802 4773 1016 4864 possetdici,
1041 4771 1279 4874 δυσαρμονία
1596 4837 1666 4891 1⁷²8
1859 4825 1862 4832 .
1926 4769 1931 4776 ’
2220 4833 2225 4838 .

291 4901 358 4996 1)ξο
380 4871 672 4996 δύθιᾶθμθγῖαςς
701 4870 1150 4996 Ῑθξθῗθω,δυῑζαθμθνῖαθν
1177 4883 1278 4975 ‘l'mi
1380 4903 1658 4997 Dia'pasoncum
1674 4905 1912 4980 semiditono.
2020 4908 2051 4980 D
2212 4913 2246 4986 B

292 4982 405 5062 dicat,
440 4995 530 5049 sicut
558 4993 777 5073 sesquitertia
806 4990 896 5046 retro
920 4981 1155 5076 drateoearon,
1187 5007 1278 5075 quae

290 5094 342 5151 est
365 5081 480 5168 imago
500 5083 651 5172 optimae
671 5077 905 5170 Reipublicae
927 5077 1049 5165 aucta,
1081 5087 1276 5155 seeundum
1431 5089 1527 5163 Haec
1548 5094 1670 5164 omnia
1691 5105 1732 5164 nt
1748 5093 2010 5184 intelligantur,
2035 5096 2081 5168 sit
2094 5099 2332 5194 quadrangu-

290 5183 434 5252 ternarii
467 5183 735 5272 perfectionem,
784 5203 859 5249 non
891 5184 1056 5272 producit
1087 5185 1276 5260 retinentia
1327 5191 1402 5260 lum
1424 5217 1486 5282 seu
1502 5191 1663 5289 πυθμὴν
1679 5193 1711 5265 Α
1727 5193 1758 5264 ll
1776 5185 2035 5288 sesquitertius,
2060 5191 2129 5269 hoc
2144 5215 2200 5272 est
2215 5203 2329 5274 latera

289 5309 372 5354 suae
402 5283 550 5374 originis
580 5283 706 5352 iustam
737 5278 964 5354 harmoniam
991 5297 1025 5356 et
1052 5287 1281 5377 suavitatem,
1326 5287 1831 5382 AcetA1t‚sivsDBec
1857 5291 1953 5376 BC,
1979 5299 2329 5373 eaminterseha-
2428 5279 2429 5286 ἵ

288 5390 356 5453 sed
372 5411 477 5477 puras
504 5397 603 5477 putas
624 5383 878 5474 dissonantiam
913 5383 1022 5458 itaet
1044 5390 1177 5481 optima
1200 5414 1274 5462 res-
1321 5393 1432 5477 beant
1456 5400 1641 5491 rationem.
1706 5396 1898 5488 Quantitas
1911 5399 2038 5488 autent
2061 5403 2210 5486 illorum
2230 5407 2338 5476 late--
2428 5385 2429 5392 ἵ

1383 4332 1726 4410 semiditonuscum
1744 4331 1939 4427 Diaponte.
2007 4330 2040 4408 Α
2114 4333 2248 4410 &C
