4864 5980
0 673 1 676 =
111 627 160 703 Et
174 629 226 700 sic
241 628 339 700 abivi
355 653 454 715 mox,
480 630 644 724 quamvis
657 632 725 703 fuit
739 633 858 704 statim
873 657 956 705 nox.

114 251 192 327 tto
865 251 1193 333 CARMINUM
1242 253 1348 333 utu.
1375 255 1404 336 l.
2078 241 2158 336 tit

112 421 161 498 u:
194 423 255 496 ivi-
272 423 318 496 sd
346 422 649 514 Gsibsvvaldiarn,
683 447 774 521 quae
800 423 906 502 habet
931 428 1108 502 modicam
1161 425 1267 502 Tube
1280 431 1411 502 timens
1425 431 1501 502 eins
1515 428 1666 517 lutiam,
1691 430 1843 502 transivi
1856 431 1902 504 nd
1918 427 2162 523 Nurbergasn,

129 561 154 580 ··
241 570 247 582 ·
625 529 861 622 comperiam.
1162 532 1234 606 Ubi
1252 533 1397 628 quidam
1413 525 1671 627 Pirlrlteymer‚
1699 535 1859 628 quinon
1881 547 1934 606 est
1950 529 2133 626 Magister,

1160 633 1261 708 Fecit
1274 630 1365 704 mibi
1379 635 1601 708 instantiam:
1628 637 1690 706 sed
1705 637 1828 708 audivi
1843 637 1895 708 ibi
1911 636 2015 718 clam,

110 731 158 805 It:
172 731 259 802 veni
274 734 319 802 ad
334 729 647 820 Francolordiam,
674 757 765 829 qnae
785 736 874 808 iacet
895 738 991 830 apud
1006 731 1108 809 Ode-
1161 738 1269 829 Quod
1288 763 1369 809 cnm
1386 740 1509 810 multis
1530 737 1652 824 sociis,
1680 739 1720 808 in
1737 740 1897 830 partibus
1913 739 2076 822 diversis,

625 859 718 904 ram:
1143 840 1292 940 'Magna
1307 841 1346 910 in
1362 841 1619 926 coniuratione,
1644 842 1752 912 vellet
1765 855 1859 912 stare
1873 865 1939 934 pro
1953 841 2152 934 Capnione,

110 937 162 1010 lbi
171 935 416 1008 Hermnnnus
423 929 634 1006 Trebellius
649 933 680 1030 ⁷)
697 963 776 1008 cum
794 939 867 1010 suis
883 941 1107 1032 poematibus
1158 941 1206 1014 Et
1221 957 1344 1015 contra
1361 967 1427 1014 nos
1449 939 1633 1033 theologos
1649 945 1764 1014 lacere
1779 945 1912 1016 multos
1925 943 2049 1018 libros.

111 1037 272 1112 Multum
294 1059 351 1107 me
368 1038 573 1124 infamavit,
598 1053 635 1110 et
649 1041 818 1112 audocter
836 1037 1106 1134 blasphemavit.
1158 1043 1206 1116 Et
1221 1047 1290 1115 fuit
1304 1041 1396 1116 mihi
1412 1047 1567 1130 dictum,
1592 1047 1690 1140 quod
1706 1047 1847 1117 noviter
1859 1069 1972 1116 unum
1989 1046 2125 1116 librum
2231 1033 2236 1038 ¹

110 1143 184 1214 Nec
200 1143 365 1211 nondun
381 1131 568 1224 Oslhenii,
594 1141 656 1236 qui
670 1158 754 1214 sunt
766 1139 873 1215 huius
889 1145 1056 1236 discipuli
1066 1139 1106 1239 ⁸),
1159 1147 1307 1239 Scripsit
1323 1148 1367 1216 de
1383 1171 1509 1233 usura,
1536 1173 1643 1242 quarn
1659 1147 1815 1219 admittit
1829 1143 2040 1237 Theologia,

111 1244 185 1334 Qui
205 1243 331 1314 multis
345 1244 619 1330 cognominibus
634 1246 808 1316 vexabant
826 1271 882 1314 me
898 1248 937 1316 in
952 1247 1105 1316 civibus:
1158 1248 1257 1322 Sicut
1272 1247 1458 1321 Bononiae
1482 1264 1533 1320 est
1554 1252 1793 1344 disputatum,
1817 1263 1851 1321 et
1874 1273 1938 1342 per
1959 1248 2152 1339 Magistros

108 1349 170 1424 Du
183 1347 274 1442 tritt
290 1343 369 1439 utld)
391 1345 441 1418 bie
460 1365 559 1440 gosp
573 1345 684 1420 etat:
707 1349 769 1422 bot
784 1348 928 1444 dilnild)
946 1351 1105 1442 deputat,
1679 1366 1820 1424 nostros
1838 1353 2039 1443 probatum.

110 1453 164 1524 lta
182 1452 282 1546 quod
303 1449 483 1520 ambulavi
499 1450 539 1518 in
554 1447 755 1538 Austriam,
781 1455 826 1522 ad
843 1477 957 1522 meam
974 1453 1105 1522 malam
1158 1458 1218 1531 Sic
1258 1455 1309 1526 iti
1345 1469 1424 1548 post
1454 1477 1567 1524 nunna
1602 1477 1761 1525 mensem
1796 1456 1841 1524 ad
1875 1450 2151 1525 Universitatem

632 1553 826 1640 fortunam,

109 1653 204 1745 Quia
223 1647 453 1724 (lollisnits'us
467 1647 503 1746 ⁰)
526 1651 664 1745 (veniat
678 1657 866 1731 cisanctus
881 1652 1080 1750 Antonius)

108 1757 193 1829 Fuit
206 1756 260 1826 ibi
274 1753 408 1828 Rector
422 1768 458 1826 et
473 1779 573 1826 meus
588 1753 812 1839 inimicator,

109 1860 253 1930 Vocans
276 1881 334 1928 sne
358 1859 586 1942 traditorem,
611 1871 646 1928 et
660 1861 783 1930 volens
808 1884 941 1952 ponere
960 1861 1006 1929 ad
1028 1881 1106 1928 car-

435 2007 438 2011 ·
625 1983 751 2046 cerem,
1112 2002 1117 2012 ι

111 2061 190 2134 Nisi
208 2061 351 2134 lecisset
368 2057 569 2134 Hckmann
582 2056 650 2233 ¹⁰)‘i
695 2063 767 2144 Sed
783 2057 1002 2135 lonchimus
1022 2059 1064 2136 V
1061 2087 1105 2133 a·

649 2161 716 2234 r'an
735 2163 753 2192 ¹¹

109 2268 252 2340 Novum
270 2266 531 2352 infortunium,
557 2281 703 2360 propter
720 2169 1003 2366 Pdpcrlrornnm‚

110 2371 255 2442 Mecum
272 2367 323 2438 ibi
340 2369 491 2460 incepit:
517 2368 602 2464 quia
619 2393 699 2439 eum
715 2373 907 2464 vilipendit

109 2474 151 2546 ln
166 2497 230 2544 sna
246 2471 472 2556 defensione,
498 2471 661 2564 quamvis
676 2495 756 2542 cum
779 2497 906 2564 magna
930 2473 1079 2546 ratione.

109 2577 216 2648 Tunc
229 2571 304 2645 dixi
318 2575 414 2667 quod
432 2597 512 2644 sum
526 2573 708 2660 innocens,
722 2591 757 2646 et
772 2577 894 2667 rogavi
909 2601 988 2646 ctam
1004 2575 1106 2661 flens,

109 2680 218 2771 Quod
234 2675 340 2746 vellet
355 2699 412 2744 me
427 2674 622 2746 dimittere:
648 2691 735 2747 tnnc
751 2680 842 2748 dixit
857 2679 908 2747 eis
924 2678 1028 2748 tacite

1 2859 2 2869 χ
107 2781 244 2856 Rector
257 2781 385 2848 bursae
401 2777 472 2846 lilii
488 2775 556 2870 ιὟ,
589 2781 686 2872 quod
705 2780 873 2852 retineret
890 2805 946 2851 me
961 2773 1042 2850 cum
1059 2779 1106 2865 vi,

107 2883 156 2958 Et
178 2884 269 2955 dixit
290 2871 569 2980 Cuspins'anus,
604 2905 709 3002 quern
734 2896 829 3014 aptat
851 2907 911 2952 rex
935 2879 1105 2964 Maximi-

108 3089 219 3180 Quod
235 3085 401 3177 Magistri
423 3085 463 3156 in
477 2986 899 3158 artibuslsldddlilodtores
922 3087 961 3154 in
982 3101 1111 3178 pecca-¹

624 3189 671 3260 tis
685 3190 907 3262 mortalibus.

109 3294 217 3365 Tunc
232 3292 353 3386 incepi
369 3293 454 3362 inde
468 3291 633 3378 transire,
660 3295 748 3362 etad
769 3291 948 3381 lngolstad
966 3289 1104 3360 venire:

107 3395 180 3468 Hic
197 3389 444 3466 Philomusos
467 3391 605 3466 habitat
621 3389 885 3568 'Rgueitfippptra
902 3389 1106 3484 Theologos

140 3695 175 3763 7)
193 3692 376 3766 „Trebeliua,
393 3710 424 3746 es
436 3698 517 3761 gente
525 3687 693 3773 §eparswind
704 3689 732 3742 in
745 3706 815 3810 pafo
829 3687 931 3770 Natsae
945 3703 1032 3759 prope
1045 3687 1105 3770 lae-

178 3781 279 3818 naeuus
296 3773 388 3828 ortus,
407 3778 478 3814 unns
492 3759 545 3814 fust
564 3777 593 3813 sn
612 3774 708 3831 pramis
720 3757 776 3810 Pro
790 3759 927 3812 rasoribus
942 3757 1106 3812 Academias

176 3831 328 3888 Francoi.”
365 3829 471 3886 Es'cdst.

141 3921 175 3990 8)
191 3921 337 3974 lebannes
351 3918 554 3970 etAIsrcnndsr
563 3913 705 3967 Ostherns‘i
717 3913 783 3979 (ron
797 3910 913 3977 Oeten),
931 3909 1033 3982 equites
1047 3910 1105 3980 Po·

179 3987 301 4050 merani,
317 3986 398 4042 amici
415 3984 529 4038 Hutteni
541 3992 567 4038 et
580 3993 673 4055 postea
687 3982 769 4036 etiarn
784 3980 981 4036 Melantbonis.

140 4079 176 4144 9)
194 4075 359 4141 „Georgius
378 4069 564 4137 Goltimr'tius,
592 4067 713 4136 medica,
737 4067 847 4140 physica
868 4073 895 4120 et
919 4063 1106 4121 mathematica

178 4146 290 4202 scientia
308 4141 446 4213 insignis?
481 4138 588 4192 Eruet.

141 4239 191 4304 10)
210 4233 272 4288 Vid.
286 4231 319 4284 dc
333 4228 382 4282 illo
397 4227 543 4296 tbeologo,
563 4224 610 4296 qui
630 4233 657 4278 et
677 4225 736 4294 ipse
758 4223 811 4278 tuit
830 4223 903 4280 inter
919 4230 1011 4296 pottas
1032 4221 1107 4278 illius

181 4300 324 4375 temporis,
345 4298 423 4371 epist.
440 4297 552 4352 obscur.
565 4295 641 4349 viror
653 4309 682 4364 p.
699 4293 742 4349 27.
755 4295 799 4348 cd.
812 4293 937 4348 lloterm.

144 4397 190 4464 11)
207 4389 391 4466 „lucebimus
403 4381 556 4436 Vedianas
566 4383 632 4450 (son
642 4381 741 4502 Watp
756 4390 835 4434 natus
849 4380 876 4434 d.
890 4381 916 4435 9.
930 4379 1002 4436 Nos.
1018 4379 1105 4449 1484„

179 4471 305 4517 mortuus
318 4455 346 4510 d.
360 4457 388 4510 6.
399 4455 466 4523 Aps.
482 4453 568 4520 1⁵51,
587 4451 706 4505 Calvino
734 4451 772 4502 uit
787 4449 980 4515 amicissimus,
999 4449 1105 4503 instau-

180 4529 293 4586 rationis
307 4544 447 4582 sacrorum
461 4533 588 4577 strenuus
599 4521 718 4584 adiutor,
737 4519 773 4572 ob
788 4537 847 4573 eam
870 4535 902 4571 ue
918 4535 976 4571 rem
989 4517 1106 4571 Pleffer.

182 4598 279 4656 bornio
294 4607 321 4650 et
339 4591 478 4650 sodalibus
492 4589 705 4644 Coloniensibus
720 4587 801 4646 valde
819 4589 847 4641 in
862 4588 964 4645 estus.''
1000 4586 1105 4645 Esther,

143 4690 191 4758 11)
206 4685 327 4758 „Bursa
340 4679 407 4735 ollnt
421 4678 570 4734 soubatrsr
582 4674 681 4728 domus
708 4675 736 4727 in
751 4691 803 4744 qua
817 4673 906 4726 inerat
917 4671 1105 4727 studiosorum

181 4772 328 4812 numerus,
358 4760 435 4806 nerto
460 4747 600 4802 subiectus
625 4741 793 4802 Prnesaori,
824 4759 906 4813 quem
930 4740 1106 4824 appellabant

180 4827 324 4882 lleetorsm
339 4819 449 4874 Bareas.
485 4815 600 4870 Facturus
615 4811 736 4883 deinde,
754 4819 785 4864 ut
803 4810 909 4867 sodales
929 4810 988 4864 talss
1006 4813 1106 4866 bursas

180 4901 344 4952 vocitentur
358 4889 409 4948 111
421 4885 570 4959 maridis.
584 4913 614 4924 -
652 4883 766 4964 Constat
778 4883 855 4936 sedes
868 4879 930 4936 illas
943 4899 958 4932 a
973 4881 1105 5004 patronis,

197 4966 277 5020 nibus
302 4970 380 5014 erant
404 4958 524 5023 dicatae,
551 4962 579 5008 et
599 4951 632 5006 ab
655 4951 824 5024 insignibus,
846 4967 916 5022 quae
938 4949 973 5002 ba
996 4960 1104 5019 uerunt,

200 5037 283 5089 'versa
299 5027 421 5084 camina
436 5023 556 5080 traxisse.
590 5019 726 5093 Equidem
738 5019 806 5075 nibil
820 5027 963 5092 praeterea
977 5019 1010 5074 de
1024 5019 1108 5078 burra

178 5103 227 5162 lilii
241 5096 364 5156 iuveni.”
397 5093 503 5150 Eletus.

147 5189 193 5260 11)
213 5187 282 5261 „lta
300 5183 547 5252 spnnnommer,
572 5187 650 5232 natus
665 5171 857 5245 Suinlordiae,
880 5171 949 5226 obiit
962 5191 1006 5227 an.
1021 5171 1105 5235 1⁵29..

198 5261 287 5316 biloso
308 5257 372 5315 ltus,
389 5251 525 5317 medicus,
544 5255 637 5320 polita,
656 5243 817 5308 historicus,
838 5251 929 5316 postca
944 5263 959 5298 a
975 5241 1102 5296 Maximi-

179 5279 253 5386 bano
266 5317 415 5380 Vlennensi
430 5315 544 5374 Senatui
560 5311 742 5390 praelectus.”
775 5311 877 5369 Runa.

150 5419 190 5485 11)
205 5415 326 5470 luendus
339 5407 491 5471 bernerus,
510 5403 557 5474 qni
570 5419 682 5458 carmen
696 5401 743 5460 iti
755 5397 924 5470 ilttttnldtlll
934 5396 1020 5464 (nasis
1034 5395 1101 5454 Nar-

180 5483 318 5558 eagoniea)
340 5497 384 5536 an.
400 5475 476 5530 1188.
497 5473 524 5526 in
538 5471 652 5528 latinum
666 5485 823 5525 sermonem
838 5467 1020 5525 transtulerat.

1672 1556 1907 1648 Lipsiensem,

1687 1660 1751 1752 qui
1772 1661 1904 1730 dicitur
1928 1681 2002 1728 csse
2025 1655 2153 1748 Angli·-

1674 1785 1735 1831 cus
1748 1757 1807 1854 ¹⁸),

1158 1661 1231 1736 Ubi
1250 1653 1473 1733 Richardus
1492 1646 1653 1746 Crocus,

1159 1865 1260 1940 Vidit
1273 1891 1329 1936 me
1343 1889 1407 1960 per
1420 1865 1535 1950 viam,
1557 1877 1593 1935 et
1607 1863 1715 1934 dixit:
1742 1865 1841 1934 illam
1858 1863 2009 1932 bestiam

1156 1967 1234 2061 Ego
1249 1969 1336 2039 novi
1352 1967 1534 2042 Coloniae.
1585 1963 1791 2058 Respondi,
1816 1965 1893 2035 noli
1907 1965 2036 2054 dicere,

1158 2072 1252 2163 Quia
1271 2095 1335 2163 ego
1350 2095 1425 2140 non
1441 2093 1530 2142 sum.
1583 2065 1690 2138 Tunc
1706 2069 1797 2140 dixit
1812 2069 1855 2138 ad
1879 2091 1982 2138 suum
1998 2067 2151 2136 socium:

1159 2170 1227 2245 lste
1242 2198 1307 2266 pro
1324 2169 1500 2262 theologis
1518 2183 1569 2242 est
1586 2171 1750 2262 proditor
1764 2167 1972 2262 Capnionis,

1157 2275 1204 2348 Et
1222 2290 1275 2347 est
1296 2297 1447 2364 magnus
1465 2273 1674 2366 pultronus,
1697 2275 1795 2367 quod
1816 2273 1891 2342 dixi
1908 2271 2091 2360 Magistris
2114 2271 2153 2339 in

1675 2377 1821 2460 artibus,

1158 2477 1231 2571 Qui
1248 2481 1457 2551 iuraverunt
1472 2477 1644 2562 invicem,
1670 2477 1828 2568 accipere
1843 2475 1876 2544 ei
1893 2475 2094 2559 lectionem,

1159 2581 1210 2653 lta
1227 2584 1323 2677 qnod
1339 2582 1577 2675 inposterum
1593 2603 1668 2648 non
1685 2579 1839 2671 amplius
1858 2574 2003 2648 haberet
2016 2577 2153 2669 stipen-

1668 2683 1782 2753 dium.

1158 2785 1267 2856 Venit
1282 2779 1525 2856 Mosellanus
1538 2777 1603 2878 ι’);
1631 2784 1770 2868 dicens,
1797 2783 1860 2876 ille
1876 2777 2019 2850 Beanns
2033 2776 2089 2873 ¹⁷),

1156 2889 1312 2961 Deberet
1335 2891 1377 2958 ad
1400 2887 1603 2980 patibulum
1626 2886 1795 2977 suspendi
1810 2905 1990 2975 persuum
2008 2883 2153 2968 collum,

1157 2989 1205 3062 Et
1220 2991 1274 3060 fni
1289 2991 1510 3073 licentiatus,
1536 3001 1571 3059 et
1591 2989 1637 3057 ad
1654 2984 1859 3057 Erfnrdiam
1881 2984 2153 3064 intentionatus,

1157 3091 1230 3165 Ubi
1244 3083 1505 3188 Aprrbaclsius
1519 3086 1565 3184 ¹⁸)
1581 3114 1637 3160 me
1653 3090 1786 3182 incepit
1799 3088 1973 3160 tribulare
1990 3087 2117 3172 acrius,
2242 3129 2256 3150 .

1156 3194 1205 3268 Et
1220 3191 1406 3293 Eobonus
1421 3191 1583 3280 Hessos,
1608 3194 1671 3288 qui
1687 3215 1874 3285 nunquam
1888 3189 1958 3271 snit
1972 3189 2086 3260 lessus

1158 3298 1338 3389 Quaerere
1372 3299 1409 3367 in
1451 3297 1598 3390 plateis,
1637 3309 1678 3366 nt
1719 3306 1943 3386 percuterent
1984 3315 2039 3362 me
2072 3317 2152 3364 cum

1677 3419 1824 3489 pugnis:

1156 3499 1205 3575 Et
1220 3503 1374 3573 multum
1393 3499 1602 3572 terribiliter
1616 3500 1756 3570 vexavit
1771 3523 1827 3567 me
1840 3497 1895 3568 bis
1909 3497 1966 3565 vel
1980 3511 2045 3580 ter,

1157 3601 1207 3676 Et
1221 3605 1311 3674 dixit
1327 3605 1372 3673 ad
1391 3604 1588 3672 studentes:
1615 3601 1786 3689 frangatis
1804 3599 1837 3668 ei
1852 3601 1987 3682 dentes,

1158 3705 1254 3796 Quia
1271 3701 1511 3794 Theologicus
1526 3698 1708 3774 Reuchlin
1726 3713 1778 3770 est
1791 3698 1971 3770 inimicus.

1158 3807 1264 3879 Tunc
1281 3809 1371 3878 dixit
1386 3799 1523 3879 Gratus
1536 3797 1743 3875 Rabienus
1756 3795 1824 3897 ¹⁹):
1849 3802 1947 3870 sande
1969 3802 2067 3871 venit
2091 3801 2153 3870 ille

1461 3923 1464 3932 '
1671 3904 1824 3990 Beanus,

1158 4011 1233 4102 Qui
1252 4037 1327 4082 non
1351 4024 1404 4082 est
1427 4012 1533 4099 nobis
1556 4007 1686 4080 notus?
1737 4005 1821 4078 Dixi
1847 4010 2043 4102 quodsum
2069 4031 2152 4096 pro-

1669 4125 1800 4185 motus.

1192 4293 1237 4360 15)
1257 4291 1376 4360 Crocus,
1395 4293 1500 4350 Corvus
1515 4291 1736 4366 cognominatus,
1754 4291 1875 4346 bondini
1891 4303 1979 4360 natus,
1996 4291 2081 4346 literis
2100 4291 2152 4343 las·

1226 4365 1308 4416 tettae
1329 4362 1495 4418 Parisiorum
1523 4381 1633 4432 operam
1656 4361 1747 4429 dedit,
1782 4361 1881 4416 deiude
1902 4363 2062 4424 Coloniam,
2091 4371 2153 4428 post

1224 4429 1345 4502 Lipsiam
1359 4433 1450 4496 venit,
1470 4431 1564 4504 ibique
1577 4431 1606 4484 iu
1622 4429 1769 4486 Academia
1783 4431 1874 4484 literas
1909 4449 2001 4483 raeces
2013 4439 2039 4482 et
2055 4427 2152 4482 latinas

1226 4501 1330 4624 incipit.
1367 4501 1510 4572 stipendio
1529 4519 1579 4554 suo
1599 4521 1614 4555 a
1633 4501 1713 4555 Duce
1730 4499 1853 4570 Georgio
1871 4450 2004 4570 abrogato
2022 4495 2104 4550 rediit
2121 4495 2151 4548 in

1252 4589 1366 4642 ogram.

1192 4659 1236 4726 16)
1256 4659 1359 4712 Petrus
1370 4657 1513 4713 Sabadius
1527 4655 1710 4722 Moselinnus,
1730 4653 1874 4726 Protegiae
1886 4651 1957 4722 apud
1975 4648 2152 4704 Confluentes

1225 4737 1303 4780 natus
1323 4745 1368 4781 an.
1386 4727 1478 4795 test,
1505 4739 1587 4782 mort.
1608 4741 1654 4781 an.
1676 4727 1752 4778 152⁴.
1772 4741 1883 4795 graecas
1901 4731 1928 4776 et
1943 4721 2039 4774 latinas
2061 4717 2153 4772 literas

1226 4795 1331 4868 Lipsiae
1345 4796 1439 4854 docuit
1450 4813 1558 4850 summa
1572 4813 1635 4850 cum
1649 4794 1741 4850 laude.

1194 4883 1237 4950 17)
1256 4884 1390 4948 Brontes,
1409 4899 1424 4936 a
1438 4879 1547 4936 Gallico
1561 4881 1687 4948 Minoae,
1705 4879 1723 4938 i.
1733 4899 1756 4935 e.
1768 4879 1838 4934 der·
1847 4883 1945 4952 jaune,
1964 4874 2151 4945 &tibimiri-

1225 4952 1273 5007 Sic
1288 4949 1338 5005 illo
1350 4963 1474 5036 tempore
1487 4950 1695 5020 appellabantur
1711 4945 1835 5016 studiosi,
1856 4947 1901 5017 qui
1918 4961 2007 5018 nuper
2021 4965 2037 4996 e
2048 4945 2152 5000 sobolis
2213 5005 2216 5014 .

1224 5023 1253 5076 in
1279 5022 1443 5076 Academias
1470 5029 1619 5083 venerant,
1650 5017 1698 5090 qui
1724 5035 1800 5072 nunc
1831 5017 1962 5071 dicuntur
1992 5014 2153 5086 &dicimis

1225 5109 1248 5145 a.
1256 5091 1345 5163 811111
1358 5090 1530 5161 simpliciter.

1192 5175 1236 5240 18)
1252 5173 1469 5250 „Goltsrlsalrus
1477 5171 1676 5238 Ammonius,
1689 5167 1893 5226 mathematicus
1899 5169 2083 5227 Erfurdienaia
2093 5179 2150 5223 tum

1223 5245 1356 5316 temporis
1370 5239 1595 5300 celeberrimus.''
1629 5241 1735 5294 nanae.

1192 5331 1241 5403 19)
1259 5331 1303 5384 Io.
1320 5331 1436 5391 Crocus,
1462 5347 1555 5400 propr.
1572 5325 1664 5394 Jdger
1681 5343 1696 5379 e
1715 5341 1788 5396 pago
1804 5325 1957 5382 Dornbeim
1977 5343 2061 5398 prope
2074 5327 2151 5380 Arn-

1223 5401 1302 5460 stadt.
1321 5401 1394 5454 unde
1406 5399 1547 5454 Rubianus
1561 5397 1779 5467 cognominatus,
1797 5399 1901 5452 amicus
1915 5395 2027 5451 liutteui
2044 5393 2152 5450 st'Eob.

1224 5469 1318 5540 llessi,
1336 5469 1385 5525 illo
1400 5479 1525 5540 tempore
1540 5465 1630 5523 clarus
1645 5467 1718 5520 inter
1729 5467 1859 5522 doctores
1873 5465 1986 5521 Erlord.
