4884 5950
146 181 221 258 989
634 179 941 278 ALLOQUIA
972 181 1049 262 ET
1082 183 1317 262 tsttuvus
1344 182 1695 263 CONCIONES.
2103 187 2180 260 990
2238 173 2241 180 ’

139 357 281 428 labores
304 355 626 430 administrationis
648 350 717 428 hoc
745 360 906 430 semestri
929 360 1136 453 praecipuos
1183 357 1436 432 Consiliarium
1454 357 1686 432 Illustrissimi
1703 357 1813 432 Ducis
1827 359 2009 451 Saxoniae,
2031 357 2174 434 Electo-

140 459 322 534 sustinuit.
373 457 478 529 Nunc
494 480 595 530 more
614 460 773 550 legitimo
788 461 929 552 depono
952 464 1135 553 magistra·
1184 462 1233 532 ris
1251 477 1314 535 etc.
1341 462 1522 552 Singulari
1537 477 1654 533 autem
1669 463 1735 534 Dei
1752 465 1923 534 beneficio
1938 467 1976 533 in
1992 461 2057 534 hac
2069 461 2173 535 scho-

139 575 230 647 tum,
256 576 290 632 et
304 584 366 630 vos
381 557 566 648 adhortor,
591 575 632 633 ut
646 564 692 632 ad
710 565 794 632 novi
808 563 974 635 Rectoris
989 565 1134 636 electio·
1182 565 1218 634 la
1241 561 1422 655 perspicue
1445 565 1620 635 illustrata
1644 577 1696 635 est
1719 566 1880 634 doctrina
1900 568 1945 635 de
1968 566 2174 637 discrimine

139 688 245 748 nem,
270 686 375 757 quam
397 663 491 734 filius
504 660 571 733 Dei
593 666 784 754 gubernet,
807 665 870 760 qui
885 666 1009 753 faciat,
1034 681 1074 738 ut
1087 667 1135 738 sit
1183 665 1371 736 ministerii
1396 661 1618 758 Evangelici‚
1639 680 1686 746 „et
1708 667 1843 758 politici
1874 667 2031 752 ordinis,
2065 680 2100 738 ct
2127 669 2172 738 de

138 767 253 838 fausta
268 765 441 852 etsoelix,
465 767 672 858 procedatis.
722 763 819 838 Dixi.
1182 767 1384 838 obedientia
1407 769 1524 838 debita
1546 767 1712 858 legitimis
1740 769 2011 858 inagistratibus.
2069 766 2173 840 Hanc

579 863 582 866 ’
1182 871 1373 959 cogitantes
1400 861 1484 960 huic
1514 867 1659 941 Rectori
1688 883 1803 940 vestro
1832 871 1982 940 Ductori
2011 862 2173 964 Georgia

49 1045 52 1050 ,
141 962 374 1064 dracunculo,
402 983 466 1050 qrra
487 960 685 1064 renuerint,
705 983 778 1028 eum
799 985 892 1052 prem
914 963 1133 1031 communibus
1181 962 1362 1040 Cracovin
1390 985 1592 1040 reverenter
1621 972 1762 1042 obedite
1790 985 1935 1062 propter
1964 975 2206 1052 mandatnm

159 1048 346 1137 “dimini'’
367 1047 511 1116 semim
524 1048 725 1114 ‘mmm‘
745 1047 916 1162 fleam
936 1049 1033 1136 ‘²²95'
1045 1056 1108 1120 Μ·
1182 1071 1264 1142 Dei:
1295 1071 1441 1142 Necesse
1458 1087 1509 1141 est
1522 1072 1667 1143 obedire
1682 1097 1754 1140 non
1771 1074 1886 1142 solum
1905 1086 2049 1165 propter
2070 1073 2173 1159 iram,

241 1171 350 1261 Quod
382 1171 536 1242 faustum
571 1183 606 1241 et
638 1171 722 1241 felix
756 1171 819 1256 sit,
857 1195 995 1264 expono
1029 1171 1131 1241 vobis
1181 1176 1240 1243 sed
1257 1173 1362 1244 etiam
1381 1187 1524 1264 propter
1538 1174 1803 1246 conscientiam.
1838 1173 1936 1244 Haec
1950 1173 2172 1262 severissima

138 1273 301 1346 omnium
333 1273 638 1342 consentientibus
666 1272 843 1362 suffragiis
875 1275 1025 1344 electum
1058 1295 1132 1342 esse
1180 1275 1353 1346 sententia
1372 1275 1545 1344 divinitus
1568 1276 1715 1361 tradita,
1739 1277 2030 1346 commonefaciat
2046 1301 2109 1347 vos
2125 1277 2171 1346 de

138 1371 328 1450 Rectorem
355 1369 461 1444 hrtius
483 1367 715 1455 Academiae,
748 1375 866 1444 virum
896 1372 1131 1446 clarissimum
1180 1379 1362 1447 voluntate
1392 1389 1425 1446 et
1451 1377 1583 1446 iudicio
1605 1375 1692 1458 Dei,
1735 1391 1770 1447 et
1801 1379 1984 1448 confirmet
2013 1391 2172 1469 pectora,

139 1471 341 1570 Georgium
357 1469 595 1560 Cretensium,
620 1473 810 1545 Ductorem
828 1474 855 1546 Ι.
872 1473 929 1556 U.,
953 1474 1132 1548 Consilia·
1181 1503 1224 1550 ne
1240 1479 1399 1548 furenter
1412 1493 1533 1548 contra
1550 1475 1682 1562 Deum,
1708 1492 1741 1549 et
1757 1479 1932 1568 legitimos
1948 1480 2171 1568 magistratus

139 1581 233 1652 rium
258 1576 491 1650 illustrissimi
514 1573 625 1646 Ducis
645 1573 837 1662 Saxoniae,
870 1575 1045 1650 Electoris
1068 1591 1132 1648 etc.
1181 1595 1304 1664 ruant,
1336 1603 1401 1650 nec
1428 1580 1497 1650 sibi
1528 1577 1618 1650 iram
1646 1579 1715 1650 Dei
1747 1594 1781 1650 et
1818 1605 1949 1672 poenas
1980 1576 2170 1652 attrahant.

138 1685 192 1758 Ac
205 1683 319 1751 filium
333 1678 400 1750 Dei
415 1677 610 1748 Dominum
625 1692 786 1748 nostrum
804 1677 920 1748 lesum
935 1675 1131 1760 Christum,
1180 1680 1319 1750 Deinde
1352 1681 1547 1752 reverentia
1581 1705 1661 1771 erga
1688 1683 1930 1753 doctrinarum
1965 1684 2080 1754 studia
2106 1705 2171 1752 vos

140 1787 321 1856 sedentem
345 1784 388 1852 ad
411 1783 569 1852 dextram
597 1781 731 1850 aeterni
761 1782 890 1872 patris,
922 1805 962 1852 ac
987 1783 1129 1854 dantem
1181 1795 1339 1866 moveat,
1367 1797 1408 1856 ut
1440 1785 1640 1854 conservari
1674 1779 1838 1854 honestas
1870 1779 2019 1854 Schulas
2042 1783 2169 1854 velitis.

140 1881 235 1958 dona
268 1881 491 1963 hominibus,
525 1879 689 1952 Pastores
707 1895 741 1952 et
765 1879 955 1968 Ductores,
982 1907 1065 1968 oro,
1090 1895 1132 1952 ut
1180 1884 1307 1973 Qualis
1324 1884 1360 1952 in
1378 1885 1447 1956 vita
1467 1885 1671 1954 barbaries?
1696 1885 1828 1975 Quales
1848 1887 2032 1970 tenebrae,
2056 1885 2172 1979 qualis

141 2003 177 2059 et
211 1990 305 2058 inter
339 2009 404 2056 nos
440 1997 554 2055 servet
586 1997 621 2054 et
648 1985 826 2074 *gubernet
856 1985 1061 2054 docentium
1096 1997 1131 2053 et
1180 1985 1392 2058 inmoribus
1409 1987 1591 2067 conlusio,
1618 1979 1723 2080 quam
1740 1988 1930 2072 terranei,
1955 1987 2170 2079 religionum

139 2090 351 2164 discentium
385 2101 522 2166 coetus,
555 2100 591 2158 et
614 2085 661 2174 sit
686 2086 760 2177 ipse
787 2079 893 2156 huius
920 2083 1131 2156 Academiae
1179 2101 1214 2158 et
1235 2089 1350 2177 legum
1365 2088 1499 2156 oblivio
1524 2103 1686 2160 secutura
1709 2089 1821 2159 esset?
1846 2089 1876 2158 si
1892 2089 2018 2162 deletis
2032 2086 2172 2160 Acade-

139 2195 275 2266 Rector
289 2205 323 2261 et
342 2189 544 2273 Proteum,
572 2201 608 2257 et
623 2183 719 2258 hunc
733 2183 923 2260 Rectorem
938 2185 1130 2260 Ductorem
1181 2190 1280 2274 miis,
1303 2189 1528 2260 indoctorum
1551 2191 1823 2280 cupiditatibus,
1850 2204 1885 2261 et
1905 2193 2114 2262 monstrosis
2129 2213 2170 2260 ac

138 2289 508 2389 Georgiumadiuvet.
555 2283 650 2360 Dixi.
822 2299 826 2310 '
965 2349 968 2356 .
1179 2291 1355 2362 seditiosis
1371 2291 1605 2361 fanaticorum
1620 2287 1808 2361 hominum
1824 2291 2171 2364 clamoribusomnia

679 2421 681 2426 ¹
813 2421 815 2424 ·
1179 2407 1367 2483 regantur,
1391 2403 1433 2463 ut
1456 2393 1494 2462 lit
1512 2391 1606 2463 inter
1622 2389 1870 2484 Anabaptistas
1895 2408 1931 2465 et
1957 2396 2103 2466 illorum
2122 2393 2171 2463 si-

142 2507 359 2582 Renuieiutio
390 2505 660 2592 publicanorum
688 2505 906 2588 auditoribus,
942 2525 1007 2592 que
1033 2501 1131 2569 dmid
1181 2495 1292 2565 miles.
1340 2493 1439 2586 llaec
1466 2495 1560 2565 mala
1582 2519 1627 2564 ue
1655 2495 1834 2576 accidant,
1868 2497 2051 2567 doctrinae
2077 2497 2170 2566 iusto
2268 2519 2272 2522 ’

141 2619 197 2666 m
226 2596 271 2664 ed
301 2593 516 2662 cimbarium
550 2613 607 2657 suo
634 2588 856 2684 Mepidrutui
885 2589 1131 2678 praedandum,
1179 2599 1306 2668 ordine
1320 2595 1596 2667 considerandae
1611 2609 1713 2682 sunt,
1736 2598 1834 2690 quod
1857 2599 1934 2667 lieri
1954 2622 2029 2668 non
2047 2609 2173 2688 potest,

551 2675 716 2746 'mrim
893 2742 897 2748 -
958 2711 964 2752 ’-
1180 2700 1248 2768 nisi
1267 2699 1339 2772 siut
1364 2693 1523 2784 honesti,
1548 2699 1732 2792 tranquilli
1758 2711 1795 2769 et
1818 2713 1910 2770 recte
1930 2699 2087 2770 ordinati
2103 2699 2172 2771 tle-1

197 2848 202 2854 ·
242 2803 325 2876 Non
351 2824 432 2872 casu
454 2813 572 2870 ortum
595 2813 646 2868 est
662 2821 772 2889 genus
787 2793 985 2870 humanum
1003 2793 1130 2867 exDe-
1180 2801 1336 2872 centium
1363 2812 1397 2871 et
1421 2799 1634 2870 discentium
1664 2813 1795 2876 coetus.
1851 2797 1959 2872 Tales
1986 2813 2106 2871 coetus
2130 2811 2172 2870 ut

138 2907 281 2982 mocriti
297 2904 443 2988 atomis,
467 2926 532 2972 nec
549 2924 630 2972 casu
646 2923 839 2970 servamur.
893 2899 963 2971 Sed
981 2923 1062 2968 vere
1079 2913 1131 2968 est
1180 2915 1451 2988 conserventur,
1487 2901 1620 2990 singuli
1648 2923 1712 2971 suo
1742 2901 1821 2972 loco
1849 2916 2027 2992 praestent
2055 2901 2171 2970 officia

137 3011 236 3085 Deus
251 3021 413 3078 aeternus
428 3004 592 3074 conditor
614 3002 751 3093 generis
765 2997 935 3086 humani,
961 3025 1039 3071 cum
1056 3000 1129 3070 lilio
1180 3003 1360 3074 communi
1378 3003 1627 3096 tranquillitati
1641 3003 1771 3088 debita,
1793 3018 1827 3074 et
1840 3004 1955 3076 velint
1963 3001 2173 3075 Academias

137 3139 204 3188 suo
225 3124 387 3194 aeterno,
416 3106 573 3177 Domino
595 3119 716 3176 nostro
739 3102 817 3186 lesu
831 3098 975 3174 Christo
1000 3115 1034 3174 et
1048 3101 1132 3194 Spi-
1180 3130 1253 3176 esse
1267 3129 1349 3175 vera
1364 3103 1430 3176 Dei
1446 3104 1587 3197 templa,
1614 3117 1869 3176 etornamenta
1881 3095 2069 3190 Ecclesiae,
2090 3103 2172 3200 qui-

138 3217 214 3289 ritu
236 3227 375 3296 sancto,
401 3209 465 3303 qui
485 3207 554 3278 sibi
573 3203 768 3278 Ecclesium
792 3219 970 3276 aeternam
994 3200 1132 3294 colligit
1182 3211 1248 3279 bus
1269 3204 1404 3280 Rectur
1430 3206 1477 3278 sit
1499 3207 1593 3278 blius
1613 3205 1700 3294 Dei,
1727 3203 1909 3278 Dominus
1930 3221 2052 3278 noster
2074 3205 2172 3276 lesus

137 3341 226 3390 voce
240 3305 425 3404 Evangelii
441 3332 503 3400 per
518 3321 552 3380 et
566 3321 711 3402 propter
723 3307 842 3377 lilium·
852 3304 1048 3377 Dominum
1063 3329 1131 3376 no·
1180 3305 1362 3392 Christus,
1394 3309 1580 3380 crucifixus
1603 3331 1669 3400 pro
1692 3307 1815 3395 nobis,
1839 3310 2082 3388 resuscitatus,
2115 3329 2173 3378 ss·

137 3434 254 3494 strum
279 3417 396 3487 lesum
411 3407 615 3496 Christum,
648 3410 853 3481 crucifixum
878 3433 944 3501 pro
968 3408 1072 3479 nobis
1097 3421 1131 3478 et
1181 3413 1270 3482 dens
1285 3411 1330 3480 ad
1346 3414 1504 3480 dextram
1526 3411 1661 3480 aeterni
1679 3410 1807 3502 patris,
1832 3413 2030 3480 deusdona
2053 3405 2172 3480 homi-

137 3519 404 3597 resuscitatum,
429 3529 464 3586 et
485 3513 697 3584 mirabiliter
715 3511 754 3580 in
777 3511 885 3581 tantis
909 3509 1130 3580 confusioni·
1181 3513 1307 3596 nibus,
1340 3510 1503 3581 Pastores
1532 3523 1568 3580 et
1594 3507 1786 3596 Doctores,
1820 3511 1909 3582 sicut
1930 3512 2054 3606 inquit
2078 3512 2173 3601 ipset

138 3629 207 3698 bus
221 3620 359 3713 generis
381 3613 530 3688 humani
553 3614 722 3706 protegit,
748 3627 784 3683 et
799 3625 916 3683 servat
930 3625 1050 3683 coetus
1064 3612 1132 3680 do·
1183 3613 1396 3707 Ubicunque
1409 3626 1492 3682 sunt
1508 3612 1579 3682 duo
1593 3624 1655 3682 aut
1669 3625 1740 3682 tres
1755 3613 1957 3703 congregati
1972 3611 2171 3682 in'nomine

138 3725 295 3801 centium
317 3736 352 3796 et
375 3717 587 3790 discentium
609 3711 856 3806 Evangelium.
1182 3739 1281 3794 meo,
1307 3715 1345 3784 in
1360 3715 1478 3784 medio
1496 3737 1619 3784 eorum
1635 3737 1725 3786 sitm.
1777 3711 1884 3784 Hunc
1901 3737 2024 3784 verum
2040 3709 2173 3786 Recto-

239 3824 334 3900 Huic
358 3845 441 3892 vero
465 3817 541 3889 Deo
566 3831 720 3888 aeternu-
736 3816 826 3906 patri
846 3813 993 3884 Domini
1015 3813 1130 3884 nostri
1174 3841 1255 3888 rem
1271 3813 1469 3887 Dominum
1490 3827 1651 3886 nostrum
1672 3813 1783 3884 lesum
1801 3810 2003 3902 Christum,
2028 3813 2090 3910 qui
2113 3813 2172 3884 iu·

139 3931 220 4004 lesu
235 3923 369 4000 Christi
384 3921 514 4014 gratias
529 3941 613 4008 ago,
637 3921 733 4011 quod
751 3911 921 3986 hactenus
939 3917 1130 3987 clementer
1182 3920 1276 4013 quit:
1301 3913 1378 4008 Ego
1396 3939 1473 3986 sum
1488 3916 1589 4000 vitis,
1614 3940 1678 3984 vos
1694 3916 1875 4007 palmites,
1902 3941 1985 4002 oro,
2010 3931 2050 3988 ut
2064 3915 2173 3988 iaciat

139 4035 180 4106 in
202 4027 261 4101 his
281 4025 488 4118 regionibus
515 4021 651 4112 colligit
677 4033 855 4091 aeternam
880 4015 1073 4088 Ecclesiam
1096 4031 1130 4088 et
1183 4045 1248 4092 nos
1267 4020 1335 4091 sibi
1351 4019 1533 4112 palmites,
1559 4041 1624 4091 nos
1640 4019 1781 4104 doceat,
1807 4021 1979 4110 gubernet
2001 4031 2036 4089 et
2052 4031 2173 4112 prote-

137 4157 244 4207 rerae
260 4127 442 4201 doctrinae
463 4117 598 4206 studia,
623 4137 795 4192 eteorum
817 4115 968 4211 hospitia
987 4143 1131 4190 conser-
1181 4137 1250 4216 μί,
1301 4121 1429 4194 Amen.

137 4251 210 4322 vat,
227 4247 263 4306 et
275 4227 367 4302 hanc
382 4226 609 4300 Academiam
623 4235 745 4294 contra
760 4225 952 4293 multorum
974 4216 1129 4292 hostium

138 4337 275 4412 rabiem
292 4331 461 4428 protegit,
488 4341 523 4398 et
542 4342 582 4398 ut
602 4349 740 4416 semper
755 4337 932 4418 protegat,
955 4317 1047 4394 haue
1064 4321 1128 4392 lle-
1185 4352 1674 4366 ---··-----····-
1703 4375 1714 4384 .

139 4440 281 4515 clesiam
313 4448 348 4507 et
376 4430 625 4510 Academiam,
663 4452 807 4519 precor,
841 4427 924 4520 quia
950 4425 1131 4494 verissime

138 4545 365 4616 dictumest:
405 4531 482 4604 Nisi
507 4530 682 4602 Dominus
703 4528 910 4600 custodierit
933 4527 1130 4610 civitatem,
1190 4510 1362 4638 Μ
1403 4534 1405 4538 ’
1873 4561 1877 4570 ·
1912 4517 1945 4579 7·
1965 4513 2040 4580 Du·
2066 4511 2163 4585 1⁵59·

137 4649 269 4721 frustra
283 4639 407 4730 vigilat
420 4633 481 4729 qui
496 4634 651 4704 custodit
665 4655 753 4703 earn.
792 4629 1017 4701 Cumautem
1033 4630 1130 4698 bonu
1867 4713 1875 4730 .

137 4745 289 4821 consilio
308 4738 540 4812 constitutum
553 4733 611 4817 sit,
636 4745 677 4803 ut
691 4733 852 4826 quolibet
865 4731 1023 4802 semestri
1038 4753 1130 4800 onus
1250 4723 1283 4776 1¹¹
1300 4718 1429 4776 ⁰¹²¹⁵⁰¹e
1441 4716 1476 4772 T·
1492 4719 1525 4775 V·
1537 4735 1564 4792 Ρ·
1579 4715 1630 4772 ¹⁶⁸
1641 4735 1701 4788 ⁸¹ttt·
1712 4724 1739 4771 ‘⁸
1752 4717 1780 4772 5¹¹
1795 4715 1924 4772 ⁰”¹¹⁰⁰·
1937 4723 2023 4790 9⁰⁸¹&
2036 4729 2065 4786 Ρ·
2080 4714 2139 4774 ¹²⁴·

137 4847 303 4924 Rectoris
329 4844 368 4913 iu
389 4836 773 4919 alium'transieratur,
806 4843 841 4904 et
867 4833 979 4923 prosit
1006 4854 1130 4928 omnes

137 4949 240 5033 seire,
265 4971 370 5044 quem
384 4941 628 5032 mgistratum
645 4931 808 5021 habeant,
834 4936 870 5004 id
890 4933 1130 5026 publice-pro-

137 5051 299 5149 ponitur.
350 5045 474 5137 ltaque
494 5065 633 5133 expono
657 5037 776 5123 vobis,
802 5038 898 5132 quod
919 5037 1072 5107 faustum
1095 5049 1130 5106 et

135 5155 246 5230 foelix
261 5152 319 5234 sit,
343 5147 492 5219 electum
511 5165 584 5214 esse
596 5139 783 5214 Rectorem
799 5135 906 5209 huius
920 5135 1130 5206 Academiae
1359 5196 1362 5205 ,

137 5255 258 5329 virum
285 5247 539 5330 clarissimum,
573 5241 773 5314 eruditione
802 5253 837 5312 et
864 5241 994 5312 virtute
1026 5261 1129 5329 prae·
1182 5225 1396 5310 Reverende
1418 5233 1494 5319 vir,
1525 5229 1681 5304 Domine
1703 5229 1997 5302 vicecancellarie
2021 5229 2175 5319 integer·

134 5373 291 5434 stantem
314 5343 516 5444 Georgium
538 5335 776 5437 Cretensium,
807 5339 999 5414 Ductorem
1022 5337 1128 5422 luris,
1180 5339 1282 5413 rime.
1333 5335 1474 5410 Scimus
1495 5334 1666 5430 seriptum
1691 5355 1765 5406 esse
1785 5333 1831 5404 de
1846 5330 1940 5404 Filio
1955 5331 2038 5404 Dei:
2064 5327 2174 5406 Sedet

1232 4885 1372 4953 Potitio
1402 4877 1453 4951 ud
1479 4877 1845 4951 t'tceraneettartum
1866 4855 2121 4966 -Arrrtentee,
2167 4845 2172 4859 ⁶

1182 4981 1268 5075 (cum
1288 4987 1385 5051 Paulo
1405 4985 1504 5048 Edere
1528 4987 1559 5050 d.
1584 4987 1615 5047 7.
1641 4983 1714 5048 Deo.
1742 4983 1836 5047 1559.
1863 4987 2043 5048 tribueretur
2066 4985 2173 5064 gradus

1471 5087 1640 5151 Doctorum
1662 5093 1694 5149 iu
1716 5073 1887 5174 Theolog.)
