4906 5986
128 2649 422 2755 Ioacocmom
459 2665 780 2756 camerarium
827 2667 872 2753 iu
918 2643 1082 2753 edendo
1119 2667 1347 2754 Volumina
1392 2663 1663 2776 epistolarum
1705 2661 1789 2748 sibi
1831 2621 2167 2756 ablelantbone

129 2885 446 2996 inscriptam,
477 2885 676 3014 temporis
701 2883 977 2970 othoninum
998 2907 1194 3000 nagnam
1217 2883 1423 2970 habuisse
1443 2882 1667 2992 rationem,
1694 2902 1830 2989 neque
1859 2879 1993 2994 igitur
2022 2897 2166 2961 onnes

128 3101 423 3187 Melanthonis
459 3103 667 3211 epistolas
706 3099 789 3185 sibi
828 3101 1012 3211 scriptas
1051 3099 1261 3216 edidisse,
1303 3099 1441 3186 editas
1471 3072 1608 3186 auten
1643 3104 1830 3182 mutasse
1861 3102 1903 3180 et
1937 3091 2169 3201 mutilassc,

130 3319 258 3403 dubio
287 3325 414 3402 caret
483 3313 606 3420 Quod
639 3253 721 3424 ouo
752 3317 894 3430 magis
921 3315 1132 3446 dolebam,
1168 3342 1218 3405 eo
1246 3315 1483 3404 studiosius
1513 3313 1792 3427 inquirebam,
1829 3337 1886 3399 an
1916 3307 2169 3424 apographa

129 3535 201 3618 vel
231 3529 420 3618 sortasse
448 3529 719 3642 autographa
749 3541 1036 3643 superessent.
1103 3497 1207 3620 Sed
1223 3545 1392 3646 praeter
1423 3556 1550 3618 unum
1583 3531 1654 3614 vel
1683 3530 1859 3616 alterum
1886 3523 2169 3640 apographon

131 3749 239 3834 nihil
267 3757 477 3858 repertum
506 3753 573 3832 est
603 3745 769 3832 illarum
799 3749 1071 3857 epistolarum
1100 3751 1144 3834 in
1173 3749 1454 3836 bibliothecis.

275 4070 355 4182 nt,
397 4065 510 4178 quod
544 4089 630 4150 non
670 4091 963 4178 speraveram,
1004 4069 1158 4154 evenit.
1229 4070 1315 4153 lter
1352 4075 1450 4189 ante
1486 4068 1710 4156 triennium
1740 3997 1950 4153 licendum
1985 4060 2172 4170 facienti,

132 4285 231 4372 mihi
256 4285 312 4370 ab
342 4283 509 4369 homine
539 4283 661 4368 docto
687 4243 862 4368 nuntios
892 4285 1051 4370 allatus
1078 4290 1165 4398 cst,
1193 4223 1485 4373 hlelantbonis
1515 4283 1787 4396 autographa
1815 4282 2086 4392 epistolarum
2114 4273 2171 4359 ad

133 4499 419 4590 camerarium
456 4522 559 4584 esse
596 4497 755 4584 Romae
795 4502 840 4583 in
876 4499 1132 4586 bibliotheca
1168 4501 1382 4610 Principis
1420 4497 1572 4610 chigi.
1652 4501 1774 4605 Qum
1810 4501 1881 4585 ubi
1916 4496 2173 4605 audiveram,
2223 4599 2230 4612 Ι

133 4721 271 4805 statim
295 4719 452 4832 rogavi
475 4716 680 4852 hominem
695 4665 977 4802 doctissimum
1003 4725 1045 4803 et
1068 4719 1284 4804 literanum
1304 4717 1620 4830 peritissimum,
1651 4716 1706 4802 Ι).
1722 4715 1981 4804 Aemiliam
1993 4711 2173 4812 Braoa,

137 4929 394 5044 (iothanum,
437 4931 510 5018 diu
545 4933 624 5017 iarn
654 4930 813 5074 Romae
845 4931 1091 5047 degentem,
1132 4941 1179 5020 ut
1214 4933 1326 5020 hunc
1360 4907 1544 5021 codicem
1574 4931 1935 5068 autographorum
1962 4931 2174 5016 conferret

135 5175 226 5236 cnm
262 5149 370 5236 libro
408 5147 540 5263 edito,
575 5152 697 5237 cuius
726 5151 941 5260 exemplar
973 5151 1012 5232 ei
1044 5152 1151 5238 misi.
1227 5151 1311 5257 Qui
1345 5152 1511 5278 quidem
1547 5150 1745 5260 precibus
1780 5151 1884 5282 meis
1920 5145 2172 5234 satisfacere

132 5359 323 5455 libenter
347 5364 527 5482 studuit,
559 5367 741 5454 codicem
772 5368 816 5452 in
842 5367 1096 5453 bibliotheca
1125 5367 1346 5483 chigiano
1372 5371 1552 5478 invenit,
1583 5365 1680 5479 sed,
1717 5364 1918 5477 quidquid
1949 5365 2178 5449 tentaverit
