4888 5962
632 1359 1663 1552 ouansr1outrss'osnnrucan
1877 1523 1881 1535 ,

409 1621 466 1709 a
506 1617 898 1740 nnnanrnorsn
938 1598 1347 1686 sonona'srrcrs
1390 1609 1831 1682 rnanscntrrsn.

1011 1839 1285 1858 ...an—¹*

111 2084 184 2160 No,
203 2083 236 2156 1,
472 2107 473 2114 ¹
599 2037 603 2048 Ι
740 2087 813 2170 (m,
828 2087 925 2154 1532.
939 2089 988 2150 rel
1003 2079 1114 2166 toas.)
1165 2033 1281 2149 casius
1298 2075 1547 2146 commendare
1562 2067 1831 2168 Philosophiam
1848 2089 1980 2170 potest,
2004 2061 2110 2176 qnarb
2129 2083 2160 2158 si

111 2183 240 2210 Μ
645 2231 652 2240 .
760 2181 1116 2274 *m
1165 2177 1367 2267 intelligant
1390 2199 1468 2248 mm
1492 2176 1568 2248 Deo
1592 2177 1755 2268 probari,
1779 2179 1811 2250 si
1835 2180 1980 2254 videant
2000 2185 2045 2254 ad
2069 2203 2160 2280 qnos

187 2287 221 2342 ιι
237 2281 400 2354 ριιιιιιίιι.Ι
415 2282 489 2359 epod
504 2283 584 2344 Eber-
597 2285 723 2360 ptsqq.
808 2359 814 2378 ,
1165 2303 1251 2352 usus
1272 2274 1430 2350 humano
1447 2277 1568 2368 generi
1582 2301 1602 2349 s
1619 2279 1699 2350 Deo
1714 2294 1851 2354 ostensa
1868 2283 1934 2369 sit,
1959 2284 1988 2356 si
2004 2289 2160 2378 cogitent

274 2429 333 2501 1„
350 2427 591 2524 Ppppmpm
611 2432 752 2523 metm
774 2421 954 2526 offlam
1167 2405 1242 2502 non
1264 2403 1338 2452 esse
1360 2382 1622 2471 aspernandum
1639 2377 1706 2450 Det
1725 2383 1881 2470 donum,
1905 2388 1965 2456 sed
1987 2387 2160 2479 singulari

1165 2497 1295 2578 pretate
1325 2483 1607 2555 conservandum
1640 2495 1745 2576 atquc
1776 2490 1991 2564 ornandum.
2063 2488 2161 2566 Haec

113 2567 243 2656 Nemo
261 2595 418 2654 vestrum
439 2582 598 2674 mancat,
621 2604 679 2668 me
695 2573 764 2653 hoe
780 2581 819 2650 in
835 2579 915 2652 loco
931 2579 975 2650 ad
992 2577 1116 2652 dieen-
1166 2611 1247 2660 cum
1271 2587 1422 2658 doceant
1446 2606 1512 2654 nos
1534 2607 1652 2656 sacrae
1675 2585 1817 2674 literae,
1842 2596 2057 2682 magnopere
2072 2589 2161 2666 hor-

116 2691 208 2760 duin
232 2681 347 2756 officio
370 2683 520 2766 adduci,
544 2707 626 2756 cum
650 2682 688 2754 id
706 2683 830 2762 ·oncris
852 2678 1003 2754 Scholae
1028 2706 1116 2754 cost-
1165 2700 1289 2762 tantur
1304 2710 1371 2758 nos
1388 2687 1433 2756 ad
1450 2686 1672 2760 discendum.

117 2789 275 2870 suetudo
298 2785 401 2856 nobis
423 2785 597 2878 imponat.
649 2783 771 2876 Quare
793 2785 932 2856 avobis
950 2797 1050 2878 peto,
1074 2797 1116 2856 ut
1268 2787 1431 2860 Fortasse
1445 2788 1507 2858 alii
1522 2801 1607 2858 stant
1622 2786 1808 2874 acutiores,
1835 2787 1910 2882 Ego
1926 2793 2027 2866 fateri
2043 2819 2159 2872 tnesm

116 2916 187 2986 pro
205 2902 317 2960 vestra
333 2883 555 2962 humanitate
571 2888 711 2962 veniam
728 2881 816 2958 mihi
833 2887 941 2972 detis,
966 2887 996 2958 si
1014 2885 1116 2958 vohis
1165 2891 1368 2964 tarditatem
1398 2914 1471 2960 non
1495 2891 1640 2960 dubito:
1681 2887 1874 2986 Nunquam
1898 2895 1997 2986 potui
2020 2897 2178 2970 intelli..

116 2997 157 3064 iu
173 2987 241 3064 hae
256 2990 367 3060 animi
383 2991 645 3076 imbecillitate,
671 3014 777 3086 quarn
795 2983 885 3060 mihi
902 3003 1027 3064 natura
1044 2990 1115 3060 cir·
1167 3017 1260 3091 gere,
1287 2993 1375 3088 quid
1391 2991 1437 3064 sit
1451 2985 1698 3084 Philosophia,
1724 3007 1785 3064 aut
1801 3017 1889 3088 quos
1904 2991 2050 3070 haberet
2063 3025 2159 3086 usus,

116 3093 313 3184 condedit,
337 3106 373 3164 et
396 3105 506 3186 auget
522 3088 609 3166 haec
627 3091 844 3188 frequentia,
870 3115 944 3162 non
961 3091 1045 3164 satis
1061 3092 1115 3174 ie·
1166 3095 1374 3190 priusquam
1389 3089 1482 3167 hanc
1495 3094 1668 3166 sincerem
1685 3089 1873 3187 Evangelii
1890 3101 2088 3180 doctrinam
2105 3119 2160 3177 at·

116 3197 208 3270 ecrit
231 3195 346 3268 oratio
372 3219 460 3274 mea.
511 3193 661 3266 Accedit
682 3196 778 3266 enirn
803 3208 941 3286 praeter
962 3207 1115 3264 caeteras
1166 3198 1253 3288 sigi,
1286 3221 1376 3292 qttsc
1404 3221 1520 3290 upper
1544 3197 1738 3268 admodum
1763 3199 1935 3289 singulari
1958 3198 2026 3274 Dei
2049 3205 2160 3278 bene·

115 3299 349 3386 difficultates
373 3291 460 3368 haec
486 3295 613 3384 etiam,
652 3299 749 3392 quod
773 3321 855 3368 corn
879 3298 924 3368 de
947 3291 1116 3368 Philoso-
1164 3301 1247 3378 ficio
1263 3311 1384 3372 renata
1400 3313 1463 3374 est.
1516 3296 1653 3377 Multos
1669 3300 1830 3372 existimo
1847 3301 1884 3372 in
1901 3299 1968 3376 hoc
1986 3329 2060 3386 esse
2074 3331 2162 3379 con.

117 3399 228 3498 phiae
252 3399 418 3472 laudibus
439 3395 498 3470 hic
521 3399 713 3472 dicendum
736 3399 803 3486 sit,
830 3400 867 3468 in
891 3423 993 3470 causa
1011 3398 1117 3470 toties
1167 3423 1286 3486 sessu,
1317 3401 1379 3494 qni
1411 3401 1504 3470 idem
1536 3397 1690 3496 ingenue
1712 3403 1907 3491 fateantur,
1942 3408 2162 3500 dignitatem,

118 3507 237 3588 dicta,
261 3525 391 3576 novam
408 3501 605 3574 orationem
621 3502 755 3596 requiri
770 3502 944 3586 arbitror,
968 3515 1004 3572 et
1019 3501 1115 3596 iusta
1167 3505 1239 3574 vim
1270 3516 1304 3574 et
1334 3523 1438 3572 trstttn
1464 3497 1734 3592 Philosophiae,
1768 3506 1924 3596 primurn
1953 3527 1990 3578 se
2022 3514 2162 3600 cognita

118 3605 375 3704 proverbium,
410 3597 465 3678 Τὰ
496 3599 605 3676 κοινὰ
633 3607 781 3688 καινῶς,
840 3601 880 3674 ld
906 3627 989 3674 vero
1014 3627 1117 3695 prae-
1166 3601 1301 3678 Christi
1320 3604 1481 3674 doctrina
1502 3603 1725 3696 perspexisse.
1779 3603 1832 3676 Ac
1848 3608 1951 3678 video
1970 3610 2005 3679 in
2022 3611 2163 3702 scriptis

119 3725 216 3780 stare
241 3731 315 3777 non
334 3719 387 3778 est
403 3705 592 3777 mediocris
608 3706 753 3796 ingenii.
806 3703 1116 3799 ltatpue'quoniarn
1168 3705 1515 3800 strperisrisaetalis,
1541 3705 1672 3774 multos
1689 3705 2162 3806 incommodePbilosophs-
2214 3699 2218 3705 ¹

119 3835 226 3904 saepe
248 3822 352 3882 antea
375 3807 426 3880 sic
447 3820 500 3880 est
515 3821 641 3880 ornata
656 3808 750 3878 veris
768 3807 933 3882 laudibus
950 3803 1117 3877 Philoso·
1167 3825 1224 3884 tos
1255 3831 1346 3894 esse,
1390 3807 1473 3902 quia
1491 3829 1578 3876 non
1611 3807 1958 3896 animadverterunt,
1997 3815 2085 3908 qnid
2117 3819 2163 3890 de

119 3910 211 4009 phia
231 3912 271 3982 in
295 3906 361 3982 hac
375 3905 528 3998 Schola,
553 3925 596 3984 nt
617 3910 753 3982 nullius
776 3910 900 3981 aetatis
922 3910 1034 3981 literis
1056 3923 1117 3978 ant
1168 3905 1401 4000 Philosophia
1418 3909 1549 3980 indicet
1567 3907 1752 3998 scriptura,
1777 3935 1841 3985 nee
1858 3912 2050 3992 discrimen
2063 3915 2164 4000 ,inter

118 4013 369 4094 monumentis
384 4009 676 4094 honorificentius
694 4013 893 4106 praedicata
908 4013 973 4100 sit,
999 4035 1062 4103 rgo
1079 4012 1118 4082 in
1168 4009 1404 4104 Evangelinm
1424 4025 1459 4084 et
1475 4004 1742 4101 Philosophiam
1765 4015 2005 4100 perviderunt.
2060 4017 2164 4094 Nune
2241 4009 2246 4019 ’

120 4116 322 4212 praesentia
341 4115 473 4186 omisso
488 4111 686 4201 Eneomio,
710 4127 850 4188 tantum
867 4139 981 4186 unum
998 4115 1118 4186 locutu
1170 4115 1284 4208 igitur¹
1301 4137 1382 4208 cum
1400 4107 1651 4202 Philosophiae
1675 4113 1827 4203 dignitas
1849 4141 1913 4206 per
1929 4115 2166 4212 Evangelinm

119 4219 298 4310 attingere
315 4216 497 4292 constitui.
1172 4219 1341 4312 patciacta
1373 4229 1480 4308 atque
1511 4214 1684 4286 illustrata
1718 4216 1783 4301 sit,
1818 4219 1948 4309 ingrati
1980 4222 2165 4296 indicandi

229 4319 386 4410 Quidam
402 4319 483 4389 idco
499 4343 625 4411 parurn
640 4317 745 4413 acqui
759 4332 842 4390 sunt
853 4312 1130 4410 Philosophiae,
1171 4333 1273 4400 sunt,
1299 4317 1361 4412 qni
1383 4313 1451 4386 hoc
1469 4315 1640 4388 beneficio
1657 4312 1842 4408 Evangelii
1859 4323 1910 4392 nti
1927 4324 2075 4406 nolunt,
2101 4327 2164 4416 qtsi

121 4423 210 4520 quis
230 4435 359 4516 putant
381 4440 458 4494 earn
481 4421 622 4492 officere
645 4421 779 4512 pietati.
830 4417 906 4511 Ego
930 4443 1015 4492 vero
1036 4443 1120 4512 pro-
1170 4417 1258 4492 haec
1283 4420 1399 4492 studia
1427 4431 1680 4502 contemnunt,
1713 4443 1804 4514 quae
1828 4447 2039 4514 snagnopsre
2060 4427 2165 4498 nohis

122 4541 205 4620 pter
224 4524 422 4615 soporatam
445 4523 616 4615 temporis
638 4516 697 4592 hic
720 4547 794 4594 nort
814 4545 1008 4614 exponam,
1033 4544 1121 4616 qttas
1145 4585 1147 4590 .
1170 4522 1351 4617 praedicat
1365 4519 1521 4612 Spiritus
1534 4533 1686 4592 sarrctus.
2155 4571 2158 4582 ,

121 4628 298 4700 utilitates
320 4651 362 4698 ex
381 4625 532 4714 singulis
549 4617 801 4718 Philosophiae
823 4626 983 4716 partibus
998 4627 1120 4694 decer·
1272 4620 1328 4696 Ac
1360 4623 1476 4694 videte
1507 4645 1598 4714 quae
1628 4623 1839 4711 perversitas
1866 4625 1911 4694 sit
1939 4625 2163 4715 ingeniorum
2225 4707 2227 4710 ,

122 4753 211 4826 pere
226 4724 574 4824 Theologuspossit.
625 4725 836 4798 Praesertim
851 4751 932 4808 cum
949 4722 1122 4816 Anptuti-
1171 4719 1426 4806 hnmanosum,
1477 4721 1692 4794 Tuncrum
1717 4724 1886 4796 utilitates
1910 4722 2165 4820 Philosophiae

124 4856 197 4906 nus
219 4833 264 4902 de
289 4830 451 4904 doctrina
474 4825 700 4908 Christiana,
740 4829 896 4898 siccatis
922 4823 989 4909 hac
1015 4829 1059 4898 de
1082 4851 1122 4896 rs
1173 4852 1247 4898 non
1271 4840 1413 4898 nossent
1432 4821 1625 4916 Theolopi,
1652 4849 1757 4896 nemo
1781 4851 1853 4896 uon
1879 4831 2107 4918 putabstsihi
2126 4835 2164 4906 in

124 4934 322 5026 scripserit.
372 4928 421 5004 Et
442 4932 628 5004 commoda
653 4931 714 5002 illa
740 4929 879 5001 notiora
897 4930 989 5009 sint,
1014 4953 1120 5023 qnam
1172 4955 1214 5002 eo
1231 4932 1349 5002 studio
1367 4933 1687 4998 consestescendnnr
1705 4950 1808 5002 esse..
1830 4929 1933 5006 Nunc
1947 4931 2167 5008 eumEvan.

125 5053 167 5112 ut
192 5035 411 5108 dissimulari
436 5034 572 5126 possint
597 5033 654 5105 vel
678 5035 723 5103 ab
750 5032 910 5122 ingratis.
961 5029 1120 5102 Tantum
1172 5031 1304 5122 gelisam
1335 5031 1442 5102 nohis
1471 5025 1597 5100 hartnn
1630 5029 1759 5098 artium
1785 5029 1858 5097 vim
1885 5036 2099 5121 ostenderit,
2133 5052 2168 5110 et

125 5139 251 5234 paucis
287 5137 517 5229 expostulabo
551 5159 632 5208 eum
664 5134 728 5216 illo
761 5129 949 5207 hominum
982 5155 1122 5224 genere,
1173 5133 1353 5224 praedicet
1373 5131 1551 5209 sennium,
1584 5130 1670 5222 qnid
1696 5129 1759 5200 lit?
1809 5128 1907 5202 Nulli
1932 5137 2079 5226 perinde
2102 5139 2166 5208 ab·

127 5243 225 5340 quod
244 5239 407 5332 ignaviae
421 5261 504 5315 suae
520 5238 686 5330 pietatem
705 5238 892 5330 praeterit,
914 5261 986 5331 quo
1002 5237 1122 5308 minus
1173 5231 1323 5314 horrent
1339 5258 1358 5304 a
1375 5227 1624 5326 pulcherrimis
1639 5231 1859 5324 disciplinis,
1884 5249 1990 5330 atque
2007 5237 2079 5322 illi,
2103 5240 2168 5332 qni

127 5331 287 5436 attingat,
301 5335 388 5414 haec
410 5340 538 5412 studia.
588 5337 696 5439 Nulla
713 5339 804 5414 ratio
821 5339 926 5418 bonis
942 5339 1027 5416 tisis
1045 5339 1132 5421 aih,
1173 5361 1211 5410 se
1232 5336 1409 5408 studiosos
1433 5355 1610 5404 sacrarum
1631 5333 1813 5406 literarum
1831 5331 2015 5432 perhiberi
2030 5339 2169 5414 volunt.

178 5453 360 5518 Mensura.
379 5445 483 5514 Oen.
509 5445 655 5514 vmx.
737 5521 740 5530 ¹
1466 5433 1517 5508 44
