4888 5962
1484 13 1532 115 r
1580 41 1617 110 κ

139 197 213 276 ns
457 190 460 196 ’
739 207 1154 304 ouaasrmnns
1179 213 1581 300 acroamata.
2101 233 2179 318 aes

139 373 305 448 monium
326 379 370 448 de
394 379 617 453 enarratione
633 385 813 471 vaticinii,
836 389 1127 481 quamrecitasti,¹
1180 391 1275 481 puli,
1301 391 1430 477 idest,
1452 389 1542 466 Fide
1557 395 1820 487 amplectentur
1840 425 1963 482 vocem
1972 395 2175 498 Evangelii,

139 473 568 572 primumboeadbrmo,
595 499 691 558 tuam
715 489 1044 582 interpretationem
1069 517 1132 563 ve-
1178 490 1270 564 Cum
1287 508 1405 564 autem
1423 496 1584 585 augustia
1608 491 1716 570 buius
1731 503 1903 593 temporis
1921 527 1996 576 non
2008 509 2177 582 admittat
2211 509 2214 516 ’

138 605 216 652 ram
236 604 328 668 esse,
354 595 388 655 et
399 586 556 656 nativam
571 591 783 662 sententiam
800 615 875 662 esse
889 595 1073 666 concionis
1091 596 1130 664 iu
1177 594 1376 684 longiorem
1395 601 1616 681 orationem,
1642 601 1713 670 alio
1729 602 1809 674 loco
1826 605 2006 700 copiosius
2031 614 2075 681 de
2097 624 2174 696 toto

141 681 292 756 Genesi:
324 685 406 761 Non
419 690 601 762 auferetur
617 706 794 784 sceptrum
810 719 830 766 a
846 693 955 776 luda,
982 721 1047 768 nec
1063 721 1129 788 gu·
1179 699 1349 773 vaticinio
1370 700 1594 780 disseremus.
1643 699 1740 774 Diri.

139 788 313 859 bemator
347 813 366 859 a
400 791 553 881 pedibus
586 795 681 880 eius,
714 798 829 868 donec
851 797 989 870 venerit
1013 795 1129 876 Silob.

138 885 189 962 Et
204 891 238 960 ei
250 892 500 966 auscultabunt
513 897 651 988 populi.
1186 933 2172 964 —--·-------------·------

239 989 319 1066 Etsi
340 1009 458 1066 autem
487 999 649 1088 angustia
674 1001 844 1093 temporis
867 1027 942 1074 non
965 1005 1128 1076 coneedit
2136 1039 2138 1044 ’

138 1095 263 1180 nobis,
288 1109 329 1168 ut
351 1097 494 1189 longam
515 1101 786 1192 explicationem
810 1129 908 1176 nunc
931 1106 1129 1193 instituam,
1182 1092 1355 1217 Μ
1911 1112 1964 1176 24.
1974 1114 2062 1179 Febr.
2075 1116 2174 1190 1650.

137 1214 396 1290 tamenpauca
417 1215 499 1272 tuae
516 1199 803 1294 interpretationi
817 1210 957 1279 addam.
1010 1207 1128 1278 Mem·
1407 1268 1412 1278 .
1937 1208 2151 1247 ἢ

135 1304 203 1374 bra
227 1303 336 1376 totius
354 1304 516 1374 vaticinii
538 1303 645 1378 lacob
676 1311 787 1379 multa
818 1324 921 1392 sunt,
952 1311 1014 1380 sed
1040 1305 1128 1382 baec
1245 1308 1275 1363 ¹¹¹
1292 1310 1392 1364 ⁵⁰¹‘⁰²·
1407 1311 1564 1372 nsctsmn.
1580 1314 1613 1372 T·
1629 1315 1676 1374 Ν·
1692 1337 1719 1389 e·
1732 1317 1785 1372 ⁸⁸⁷
1800 1335 1841 1388 es·
1878 1317 2009 1374 ttieaard.
2036 1321 2120 1378 Tene
2136 1324 2171 1380 ΙΙ·

136 1405 266 1490 verba,
292 1429 382 1500 qnae
405 1407 569 1494 recitavi,
601 1411 789 1482 manifeste
823 1413 1010 1484 continent
1042 1436 1132 1507 prof
1280 1401 1305 1452 ¹²¹
1320 1381 1379 1436 ⁵⁹⁶⁶

127 1507 342 1578 missionem
358 1509 570 1628 deventum
586 1510 802 1594 Messia,de
817 1528 975 1606 tempore
992 1516 1127 1585 adven·
1176 1559 1350 1642 Quaestio
1373 1561 1501 1632 Hier.
1526 1537 1775 1638 Memfi&
1800 1565 2010 1641 amram
2034 1575 2086 1644 m
2105 1569 2169 1644 a...

136 1624 215 1696 tus,
240 1613 285 1681 de
300 1609 452 1682 Messrae
467 1615 653 1686 nativitate
675 1631 709 1686 et
726 1617 904 1708 potentia,
927 1631 961 1688 et
985 1619 1029 1688 de
1044 1619 1126 1688 col·

1083 1721 1092 1738 ,
1175 1668 1296 1744 otum,
1326 1663 1424 1756 qnod
1447 1673 1559 1736 ector
1584 1670 1625 1738 in
1651 1665 1743 1739 libro
1771 1671 2045 1744 Decretorssns:
2074 1667 2169 1767 fras·

127 1709 710 1838 ligendallcelesiasalientibus..
749 1717 909 1838 Tempus
924 1721 1125 1792 constituit:
1173 1773 1257 1836 ma
1278 1774 1408 1837 “mi
1423 1769 1672 1864 &angelium
1718 1775 1782 1866 qm·
1804 1795 1879 1846 mm
1899 1783 2028 1847 rervm
2046 1777 2168 1850 cano,

132 1813 309 1888 Nascetur
330 1829 447 1888 stante
469 1813 587 1889 adbuc
608 1820 734 1912 polrtra
761 1820 939 1904 Mosarca,
965 1825 1026 1894 sed
1049 1847 1124 1894 non
1492 1893 1561 1942 m
1590 1822 1847 1948 conc’ffiowm·
2128 1857 2131 1866 ⁴

136 1931 307 2008 regnante
320 1919 429 2011 stirpe
445 1913 561 1994 Iuda.
613 1919 703 1994 Cum
725 1937 841 1996 autern
860 1925 1024 1996 nominat
1041 1949 1123 1996 eum

133 2013 269 2107 Siloa,
287 2022 421 2094 ‘reddit
455 2022 591 2113 primae
623 2026 870 2116 promissionis
902 2028 1125 2115 sententiam,
1173 2007 1246 2090 Est
1269 2019 1418 2090 omniuo
1441 2022 1558 2092 maior
1578 2023 1656 2094 laus
1673 2024 1780 2094 ollicii
1794 2049 1834 2094 ac
1855 2025 2099 2116 obedientiae,
2128 2029 2169 2100 in

132 2125 199 2196 ubi
225 2125 433 2196 nominatur
453 2119 584 2194 Samen
606 2124 786 2198 mulieris.
844 2127 897 2199 lta
923 2123 982 2199 hic
1004 2131 1123 2200 nomi·
1174 2117 1523 2208 hocnoslt'ocoelu,
1544 2149 1651 2219 quam
1668 2126 1915 2220 eloquentiae,
1947 2127 2069 2218 Quare
2086 2155 2167 2201 cum

133 2240 245 2300 natur
260 2224 390 2298 Foetes
405 2225 582 2301 Mulieris.
634 2227 675 2300 ld
702 2231 797 2300 enim
821 2230 996 2322 significat
1017 2257 1124 2304 voca·
1174 2219 1266 2294 mibi
1282 2226 1326 2294 tle
1343 2227 1512 2298 mandato
1529 2233 1798 2320 praeceptorum
1818 2224 1878 2300 hic
1897 2231 2089 2303 dicendum
2111 2233 2170 2318 sit,

133 2330 264 2400 bulum
287 2323 404 2403 Silob.
455 2326 529 2400 Nec
552 2343 692 2402 tantum
716 2329 785 2403 hoc
808 2333 1000 2423 significat,
1024 2335 1123 2406 nasei
1175 2350 1279 2418 spero
1296 2351 1360 2398 vos
1375 2328 1425 2398 ita
1441 2328 1620 2413 iudicare,
1643 2355 1700 2400 me
1713 2355 1789 2401 non
1805 2333 2003 2404 temeritate
2023 2348 2086 2406 attt
2110 2359 2170 2408 ar·

132 2429 304 2504 Messium
329 2432 408 2502 siue
426 2431 525 2502 virili
548 2434 702 2522 semine,
729 2436 915 2508 sedetiam
934 2438 1122 2520 vocabulo,
1173 2429 1335 2518 rogantia
1358 2425 1450 2500 milti
1473 2425 1537 2500 has
1559 2432 1702 2502 dicendi
1725 2449 1843 2526 partes
1869 2437 2080 2530 sumpsisse,
2105 2441 2169 2510 sed

134 2537 230 2629 quod
263 2534 436 2624 significat
467 2535 670 2626 pelliculam
704 2560 766 2609 seu
797 2531 929 2634 χόριον
954 2539 1009 2611 in.
1027 2541 1121 2626 alvo,
1174 2527 1706 2604 honestissimaeconsuetudini
1722 2531 1864 2608 scholae
1880 2563 2016 2608 morem
2034 2547 2169 2630 gerere,

133 2641 232 2733 quod
253 2636 450 2708 circumdat
471 2637 628 2720 loetum,
659 2654 753 2712 recte
768 2654 907 2726 monet,
933 2643 1023 2712 duas
1048 2665 1122 2712 esse
1173 2634 1306 2706 dabitis
1323 2635 1433 2724 igitur
1454 2631 1545 2727 mihi
1563 2637 1726 2724 veniam,
1748 2638 1820 2708 imo
1843 2652 1877 2708 et
1899 2640 2103 2711 felicitatem
2127 2645 2168 2714 in

133 2753 289 2813 naturas.
340 2737 468 2820 Pellis,
493 2740 530 2809 id
557 2756 628 2825 est,
650 2741 792 2814 infirma
807 2739 964 2814 bumana
981 2758 1121 2830 natura,
1173 2738 1454 2828 obtemperando
1489 2739 1707 2830 probabitis,
1748 2753 1782 2810 et
1815 2765 1930 2812 meam
1964 2743 2167 2816 orationem

133 2843 243 2914 morti
257 2842 429 2928 obnoxia,
453 2841 651 2928 circumdat
666 2845 773 2914 aliam
788 2845 970 2916 victricem
984 2847 1121 2922 mortis.
1172 2840 1262 2910 boni
1280 2841 1603 2934 romanusquae
1619 2843 1820 2930 defecistis,
1836 2847 2166 2920 reverenteretiam

132 2945 190 3016 Ac
206 2943 431 3018 utDominus
444 2945 519 3037 ipse
536 2945 676 3018 infirma
693 2947 787 3040 pelle
804 2948 1041 3020 circumdatus
1056 2965 1119 3035 est,
1149 2991 1151 2994 ·
1173 2965 1237 3012 νοῦ
1250 2965 1326 3012 ⁰r0·
1374 2978 1382 2992 ·
2116 2981 2120 2988 ·

131 3049 182 3120 ita
200 3049 394 3138 cogitemus
409 3043 605 3118 Ecclesiam
629 3049 788 3140 fragilem
806 3073 880 3121 esse
901 3065 1061 3138 coetum,
1087 3066 1122 3123 et
1276 3041 1368 3116 Cum
1393 3058 1510 3116 autem
1535 3045 1707 3116 usitatum
1732 3047 1778 3120 sit
1800 3043 1860 3120 bic
1888 3050 1933 3119 de
1955 3052 2164 3144 quaestione

132 3151 234 3222 velut
248 3151 452 3220 involutum
468 3151 682 3222 tenerrimae
703 3153 806 3243 pelli,
829 3177 936 3248 qnam
962 3149 1121 3225 horribi-
1172 3147 1291 3240 aliqua
1313 3149 1505 3232 disserere,
1541 3163 1575 3220 et
1598 3149 1669 3218 iam
1694 3151 1738 3219 de
1761 3149 1912 3246 Synodo
1945 3177 2070 3226 rursus
2104 3157 2166 3226 in-

130 3253 218 3324 liter
231 3253 387 3324 lacerant
401 3249 577 3324 Diabolus
593 3266 628 3324 et
645 3254 721 3326 eius
734 3278 878 3345 organa.
915 3253 985 3326 Sed
1001 3269 1120 3328 tamen
1172 3243 1336 3320 choanda
1364 3251 1562 3322 multorum
1594 3251 1782 3324 audiamus
1808 3278 2009 3342 sermones,
2047 3282 2089 3329 ex
2122 3282 2165 3330 ea

129 3357 229 3427 intus
252 3355 439 3426 nobiscum
455 3369 507 3426 est
526 3355 622 3426 filius
637 3355 725 3443 Dei,
749 3358 813 3452 qui
836 3357 972 3454 inquit:
1005 3357 1119 3430 Nemo
1171 3353 1579 3452 materiaquaestionem
1594 3355 1741 3448 sumpsi.
1795 3355 1889 3428 Vere
1903 3383 1949 3430 ne
1963 3361 2099 3432 dictum
2111 3362 2165 3434 sit

130 3459 243 3552 rapiet
259 3481 341 3528 oves
357 3479 453 3527 meas
471 3459 516 3528 de
532 3435 699 3530 manibus
715 3461 815 3530 meis.
907 3504 910 3512 ι
1172 3455 1269 3548 quod
1292 3457 1331 3524 in
1357 3457 1420 3524 illa
1445 3457 1624 3543 farragine
1647 3459 1819 3548 scriptum
1843 3474 1915 3542 est,
1942 3487 2032 3555 quae
2044 3465 2165 3535 nomi·

134 3611 137 3618 -
232 3558 310 3631 Hac
321 3559 563 3630 consolatione
577 3585 644 3631 nos
659 3577 908 3649 sustentemus,
932 3563 1030 3658 quod
1048 3561 1117 3632 sci·
1171 3569 1279 3626 natur
1293 3557 1386 3628 liber
1404 3559 1641 3628 decretorum.
1692 3555 1841 3630 Frustra
1861 3562 2164 3658 'servat-Evange-

128 3687 229 3744 mus‚
264 3687 346 3733 vere
366 3662 471 3733 nobis
493 3664 615 3732 adesse
639 3665 754 3734 lilium
772 3665 857 3746 Dei,
892 3679 926 3737 et
950 3691 1016 3736 nos
1040 3679 1119 3736 tau·
1171 3659 1279 3744 lium,
1302 3661 1363 3754 qni
1381 3683 1455 3729 non
1473 3673 1590 3729 servat
1605 3657 1769 3732 Canones
1783 3664 2032 3744 conciliorum.

128 3791 236 3862 quam
261 3766 338 3836 eins
361 3765 530 3834 manibus
559 3762 834 3858 comprehensos
865 3769 1017 3854 servari,
1053 3767 1119 3838 etsi
1272 3757 1451 3834 Existimo
1485 3756 1732 3832 cohorrescere
1764 3787 1889 3836 omnes
1923 3767 2047 3850 rudes,
2079 3792 2162 3838 cum

129 3891 253 3942 sumus
269 3868 372 3938 valde
385 3867 522 3957 fragilis
538 3882 573 3939 et
589 3869 750 3960 squalida
772 3869 952 3962 pellicula.
1171 3859 1265 3934 hanc
1280 3889 1403 3937 vocem
1420 3863 1546 3954 legunt
1562 3887 1624 3972 seu
1638 3866 1804 3938 audiunt.
1831 3864 1979 3939 Necesse
1994 3883 2047 3940 est
2062 3871 2162 3940 enim

229 3970 355 4042 Postea
373 3971 587 4040 vocabulum
605 3965 710 4042 Silob
728 3973 833 4044 etiam
848 3971 1024 4062 significat
1038 3971 1116 4042 fan-
1170 3961 1263 4037 bane
1278 3967 1488 4038 sententiam
1506 3967 1709 4038 firmissimo
1733 3981 1874 4060 pectore
1896 3985 2037 4052 tenere,
2063 3985 2160 4042 cerlo

131 4087 225 4144 stum
254 4087 288 4144 et
321 4071 507 4152 loelicem,
538 4073 747 4144 reddentem
779 4073 946 4144 videlicet
979 4097 1117 4144 summa
1169 4069 1262 4139 filios
1275 4067 1362 4156 Dei,
1390 4081 1424 4139 ει
1439 4063 1607 4138 haeredes
1623 4091 1698 4139 esse
1713 4071 1807 4140 vitae
1819 4085 1983 4153 aeternae
2000 4097 2079 4156 eos,
2096 4075 2161 4169 qui

127 4177 224 4246 bona
239 4175 359 4265 generi
374 4169 545 4259 humano,
562 4175 739 4246 iusticiam
756 4189 792 4248 et
805 4175 915 4247 vitam
927 4189 1117 4248 aeternam.
1169 4170 1286 4246 Deum
1302 4172 1400 4243 iuxta
1416 4167 1651 4260 Evangelium
1669 4173 1840 4243 invocant
1858 4187 1892 4246 ει
1907 4177 2051 4258 colunt,
2076 4178 2162 4248 ubi-

124 4275 183 4368 Eq·
196 4279 266 4370 ipsi
292 4275 543 4364 auscultabunt
567 4278 713 4369 populi,
743 4301 828 4363 seu,
854 4280 897 4348 ad
923 4303 1005 4349 eum
1030 4303 1116 4348 con·
1169 4297 1310 4370 cunque
1327 4274 1471 4378 vivunt,
1497 4275 1634 4344 etiamsi
1650 4275 1784 4346 caeteri·
1800 4277 1891 4348 ritus
1915 4293 2013 4350 extra
2036 4277 2161 4350 Evan-

127 4381 380 4472 gregabuntur.
431 4375 510 4450 Etsi
534 4379 629 4448 enim
656 4382 701 4452 de
730 4381 907 4452 vocabulo
932 4381 1118 4473 disputant
1169 4375 1617 4466 gelium'dissimilessunt.
1671 4375 1731 4448 Sic
1748 4376 1996 4453 enimdictum
2013 4393 2076 4450 est.
2117 4379 2159 4452 Si

127 4483 382 4566 Grammatici‚
404 4492 523 4552 tamen
547 4484 723 4554 sententia
746 4507 893 4574 prorsus
909 4485 1031 4554 eadem
1052 4495 1117 4567 est,
1168 4479 1249 4573 quis
1265 4479 1382 4570 diligit
1397 4503 1473 4565 me,
1496 4501 1698 4549 sermonem
1715 4501 1834 4550 menan
1848 4483 2016 4566 servabit,
2042 4494 2078 4553 et
2088 4481 2160 4553 Pa-

126 4601 163 4658 et
196 4597 400 4676 congruunt
426 4584 535 4654 verba
571 4585 863 4675 promissionum.
897 4584 1030 4656 .Antea
1058 4584 1116 4655 di·
1166 4596 1222 4653 ter
1243 4605 1343 4652 mens
1364 4582 1487 4672 diliget
1512 4605 1614 4665 eum,
1642 4596 1677 4652 et
1705 4583 1889 4655 veniemus
1916 4587 1961 4680 ad
1991 4609 2091 4668 eum,
2123 4599 2160 4656 et

124 4702 225 4761 eturn
250 4702 318 4760 est:
364 4685 407 4756 ln
440 4685 577 4754 semine
611 4697 675 4756 tuo
704 4688 963 4758 benedicentur
993 4711 1117 4758 omnes
1166 4683 1386 4786 mansionem
1402 4682 1495 4776 apud
1514 4707 1594 4754 enm
1610 4685 1793 4792 iaciemus.
1894 4733 1897 4738 -

125 4790 275 4864 Gentes.
325 4787 379 4860 lta
395 4783 464 4858 hoc
482 4787 560 4858 loco
578 4787 683 4873 dicit,
708 4813 784 4860 non
804 4803 943 4861 tantum
966 4789 1116 4882 posteri-
1266 4784 1343 4858 Hac
1359 4807 1455 4856 voce·
1468 4787 1564 4856 lilios
1581 4783 1649 4858 Dei
1663 4811 1730 4857 nos
1752 4789 1827 4858 lieri
1849 4788 2074 4862 domicilium
2100 4792 2160 4862 di·-

123 4894 192 4966 tati
205 4885 372 4964 Abrabae
386 4889 576 4964 salutarem
593 4890 670 4960 lore
686 4885 794 4962 buius
810 4889 959 4964 Domini
977 4893 1112 4962 adven·
1164 4887 1326 4960 vinitatis
1348 4890 1529 4974 adfirmat,
1554 4911 1659 4982 qnam
1689 4890 1764 4983 ipse
1788 4891 1953 4978 tradidit,
1977 4915 2054 4964 non
2078 4894 2159 4966 aliis

123 5009 224 5080 tum,
258 4995 318 5065 sed
341 4993 511 5066 universo
533 4993 655 5083 generi
677 4987 848 5072 bumano.
898 4989 947 5064 Et
972 4994 1116 5087 quidem
1164 4991 1415 5083 opinionibus,
1440 4993 1634 5087 etquidem
1653 4991 1784 5064 diserte
1802 4993 1972 5084 seriptum
1991 5011 2053 5071 est.
2091 4995 2159 5068 Ni-

122 5099 318 5190 significat,
353 5095 547 5186 imperinm
577 5095 655 5166 eius
684 5095 856 5167 dissimile
879 5097 957 5182 lore
983 5095 1117 5168 Mundi
1162 5093 1217 5164 hil
1233 5096 1343 5166 addas
1359 5107 1421 5166 aut
1435 5089 1620 5178 detrahas,
1657 5091 1765 5180 ltem,
1791 5093 1938 5167 Frustra
1959 5099 2159 5172 celuntme

122 5201 298 5294 imperiis.
339 5197 435 5270 Voce
450 5197 637 5268 doctrinae
651 5212 748 5288 reget
762 5211 900 5270 mentes
914 5213 950 5272 ει
966 5211 1119 5290 pectora.
1161 5197 1340 5268 mandatis
1365 5192 1566 5268 bominum.
1627 5193 1733 5268 Unde
1774 5197 1885 5288 igitur
1918 5193 1987 5272 boc
2019 5202 2157 5272 dictum

121 5318 158 5376 et
174 5299 268 5375 hauc
279 5325 405 5372 vocem
418 5297 511 5370 Fide
522 5299 635 5392 accipi
651 5301 740 5376 vult.
794 5298 881 5372 ldeo
897 5301 1012 5394 placet
1027 5295 1119 5372 mibi
1161 5313 1261 5371 atrox
1276 5313 1456 5394 receptum
1473 5299 1548 5370 est?
1573 5299 1669 5393 quod
1679 5298 1730 5372 ait
1743 5300 1874 5374 srrntra
1891 5299 2158 5379 servariEvart·

123 5403 393 5500 interpretatio,
417 5425 509 5496 quae
529 5401 630 5494 legit:
682 5399 757 5497 lpsi
777 5404 1031 5478 auscultabunt
1053 5427 1120 5498 po-
1162 5403 1318 5496 gelium,
1357 5401 1390 5474 si
1422 5425 1499 5473 non
1535 5415 1725 5476 serventur
1758 5399 1935 5478 Canones.
2001 5401 2158 5493 Falsum,
