4888 5962
115 147 192 228 rso
717 151 1137 248 Qusnsetouus
1171 149 1570 232 acanuurcan.
1739 229 1747 236 .
2098 129 2203 246 ιιι

115 321 227 396 etiam
250 317 325 393 rer'n
350 324 483 417 ipsam,
509 315 677 418 horest,
701 327 858 398 officium
883 329 1058 414 docendi,
1084 343 1118 399 et
1172 325 1212 395 in
1230 335 1417 396 naturae!
1433 322 1839 422 maferia'omniafieri
1857 335 2081 425 necessario,
2107 339 2176 412 sed
2251 355 2257 362 “

114 427 278 498 laborem
293 428 504 498 confutandi
518 419 949 522 adfectariosEvangelii,
970 433 1007 501 id
1021 434 1116 527 quod
1171 426 1283 498 ellam
1301 425 1527 500 volontatem
1543 427 1583 498 in
1602 421 1839 520 haminibus,
1867 431 1963 506 velot
1985 443 2170 536 captivam

114 525 254 600 Pe'ulus
276 525 379 600 siccat
400 527 544 624 bonum
560 553 667 624 opus,
693 546 727 603 et
748 529 913 604 Christus
935 535 1038 604 dicit:
1062 533 1118 605 Sit
1170 530 1376 602 necessario
1408 555 1538 626 agere,
1574 530 1650 602 sive
1676 525 1851 608 honestae
1885 537 1962 608 sint
1996 543 2169 634 actiones,

115 645 237 703 vester
251 628 423 706 minister.
444 665 447 681 ·
475 631 583 704 Tales
600 631 684 705 su'ut
701 637 795 705 dona
812 635 897 721 Dei,
924 627 968 706 de
986 637 1118 730 quibus
1169 633 1246 705 sive
1263 631 1487 704 sceleratae?

114 731 309 806 Pauiusex
323 732 466 804 Psalmo
480 735 585 822 dicit,
610 751 651 808 ut
666 728 774 814 hodie
787 739 953 815 audistis:
980 737 1117 808 Ascen-
1241 774 1253 793 x
1272 734 1350 807 Etsi
1362 752 1485 807 autem
1501 737 1630 808 veritas
1645 740 1689 809 de
1706 735 1771 811 hac
1788 747 2028 842 controversia
2045 750 2084 819 iu
2103 747 2169 823 hac

116 835 208 908 dens
228 831 396 908 Christus
421 837 460 906 in
488 839 621 924 altum,
650 839 749 910 dedit
770 841 867 912 dona
898 837 1116 911 hominibus.
1169 834 1289 910 schola
1305 835 1375 910 Dei
1397 839 1569 910 beneficio
1586 841 1671 911 satis
1688 844 1858 934 patefacta
1874 860 1944 934 est,
1966 864 2085 922 tamen
2111 880 2168 926 re-

115 939 224 1026 Ilona
257 939 309 1010 sic
344 939 506 1030 exponit:
554 938 663 1012 Dedit
697 945 871 1036 quosdam
905 941 1116 1036 Apostolos,
1169 939 1294 1034 petitio
1322 956 1356 1012 et
1390 941 1546 1012 illustrat
1586 967 1748 1030 causam,
1782 958 1817 1016 et
1849 962 1943 1019 recte
1977 955 2168 1028 sentientes

116 1043 293 1138 quosdam
310 1036 518 1134 Prophetas,
543 1045 717 1136 quosdam
734 1041 1000 1135 Evangefistas,
1026 1046 1117 1116 alios
1170 1045 1382 1114 confirmat·
1416 1041 1464 1114 Et
1478 1037 1662 1135 Epictetus
1679 1047 1814 1146 inquit:
1841 1047 1921 1120 Non
1945 1055 2048 1124 facile
2068 1083 2168 1128 men-

116 1143 236 1216 eutem
253 1143 418 1214 Pastores
431 1157 466 1214 et
481 1142 665 1231 Doctores,
686 1149 731 1216 ad
748 1148 1027 1219 aedificationem
1045 1144 1116 1218 Ec·
1171 1160 1221 1217 tes
1237 1149 1365 1237 dogma
1382 1147 1529 1240 aliquod
1545 1146 1694 1219 firmiter
1709 1151 1894 1242 amplecti,
1920 1155 1989 1226 nisi
2005 1161 2167 1250 quotidie

116 1247 245 1320 etesiae
260 1240 415 1328 Christi,
441 1261 506 1322 etc.
556 1247 656 1319 Deus
673 1245 866 1321 honoravit
884 1247 1116 1340 huncMagi-
1170 1249 1292 1318 eadem
1319 1249 1438 1319 dicant
1462 1263 1497 1319 et
1526 1250 1694 1332 audiant,
1729 1265 1765 1322 et
1788 1277 1888 1324 veras
1915 1263 2106 1331 sententias
2128 1265 2167 1334 in

116 1365 231 1422 strum
239 1341 484 1422 Melchs‘orem
499 1349 633 1440 insigni
649 1353 851 1423 eruditione
865 1366 900 1423 et
914 1355 1117 1442 cognitione
1169 1351 1241 1420 vita
1256 1352 1299 1420 ad
1321 1373 1425 1422 usum
1438 1351 1664 1427 transferant.
1716 1351 1770 1424 Ae
1793 1379 1860 1426 nos
1876 1360 2019 1450 quidem
2029 1355 2080 1434 'in
2096 1362 2167 1436 Ec-

115 1447 255 1525 Christi
267 1453 306 1521 in
324 1453 452 1523 sanctis
466 1453 667 1544 scripturis,
691 1469 732 1526 ut
748 1456 822 1546 ipse
836 1453 1031 1526 declaravit
1046 1479 1116 1524 nu·
1169 1453 1272 1523 clesia
1287 1453 1474 1545 praecipue
1491 1477 1580 1544 opus
1601 1469 1654 1526 est
1669 1455 1787 1526 firmas
1811 1459 2041 1534 refutationes
2055 1466 2167 1540 Stoici

115 1553 237 1649 p'erin
254 1553 397 1646 publica
415 1555 668 1647 disputatione.
720 1555 822 1648 Quos
836 1581 919 1648 ergo
935 1555 1033 1628 Deus
1050 1552 1116 1626 ho·
1169 1556 1253 1626 Fati
1275 1555 1416 1639 tenere,
1448 1570 1482 1626 et
1506 1571 1652 1648 propter
1671 1559 1819 1647 gloriam
1844 1557 1931 1650 Dei,
1966 1579 2000 1638 et
2022 1585 2168 1662 propter

116 1658 478 1744 roravit,=debemus
498 1671 533 1730 et
557 1683 625 1730 nos
645 1653 834 1733 honorare.
887 1659 1012 1730 Postea
1031 1653 1115 1730 vero
1169 1681 1288 1727 veram
1312 1657 1587 1729 invocationem.
1646 1657 1956 1736 Contumeliosum
1988 1685 2040 1742 est
2069 1673 2166 1745 enim

117 1785 200 1834 cum
218 1756 277 1832 hic
290 1751 481 1830 Melclss'or
494 1761 688 1854 susceperit
701 1785 805 1834 suum
823 1764 956 1831 bonum
975 1786 1065 1856 opus
1082 1775 1116 1832 et
1169 1763 1339 1830 adversus
1351 1757 1487 1844 Deum,
1513 1755 1700 1832 detrahere
1715 1764 1747 1832 ci
1769 1765 1988 1856 libertatem,
2013 1797 2166 1870 eumque

116 1863 295 1948 officium,
321 1876 356 1933 et
377 1863 492 1959 factus
515 1864 624 1937 fuerit
646 1864 799 1934 aliorum
821 1864 1004 1946 minister,
1030 1878 1117 1934 tunc
1169 1862 1270 1956 quasi
1304 1863 1348 1932 de
1375 1875 1496 1932 catena
1521 1859 1711 1935 Homerica
1743 1867 1903 1940 vinctum
1936 1879 2166 1966 suspendere.

115 1967 276 2062 primum
301 1965 447 2051 sentiet,
477 1988 514 2036 se
546 1990 622 2037 non
651 1979 722 2036 tam
753 1966 910 2036 nominis
941 1963 1115 2038 honorem
1168 1963 1472 2036 Contumeliosius
1501 1977 1553 2034 est
1577 1965 1702 2046 etiam,
1731 1969 1844 2040 facere
1868 1996 1949 2044 eum
1976 1973 2164 2051 authorem

116 2067 328 2164 quaesiisse,
354 2063 464 2163 quam¹
485 2067 644 2140 laborem
661 2082 698 2140 et
710 2069 883 2142 dolorem.
936 2069 996 2140 Sic
1019 2070 1115 2139 enim
1169 2067 1342 2138 scelerum
1357 2064 1510 2151 Paridis,
1529 2063 1694 2152 Neronis,
1712 2085 1746 2142 et
1761 2071 1943 2148 similium.
1981 2076 2054 2150 Nec
2069 2085 2166 2154 euim

117 2172 281 2249 fecerunt
295 2185 329 2242 et
345 2165 553 2263 Prophetis,
579 2165 641 2266 qui
658 2172 805 2243 fuerunt
819 2185 901 2242 ante
917 2197 991 2247 vos.
1041 2167 1116 2242 Ex·
1168 2169 1256 2240 false
1281 2182 1316 2238 et
1337 2169 1541 2238 detestanda
1564 2173 1741 2242 excusatio
1761 2175 1940 2247 audienda
1962 2194 2032 2268 est,
2058 2209 2179 2276 quam*

117 2289 220 2367 perte
237 2275 341 2344 crede
355 2272 541 2364 Magistro.
591 2272 687 2349 Dixi.
759 2272 761 2278 ’
1169 2271 1320 2342 recitant
1332 2283 1366 2342 et
1382 2271 1528 2364 quidam
1553 2269 1764 2363 interpretes
1781 2275 2025 2368 Langobardi:
2049 2283 2167 2358 Deum
2193 2362 2197 2377 ,

226 2375 231 2386 ’
530 2404 537 2418 *
1169 2397 1244 2444 non
1262 2397 1423 2465 peccare,
1446 2372 1603 2459 etiamst,
1627 2386 1814 2462 utronea,
1839 2383 1984 2456 adiuves
2003 2380 2166 2462 homines

125 2537 128 2547 .
261 2481 263 2486 ’
300 2507 304 2513 ·
1170 2475 1300 2550 scelera
1324 2487 1581 2566 perpetrantes:
1614 2477 1698 2570 quia
1718 2503 1798 2551 cum
1815 2478 1912 2554 Deus
1927 2486 1973 2556 sit
1989 2511 2095 2579 supra
2114 2493 2166 2564 le·

134 2561 204 2636 Nss·
221 2562 282 2639 39·
516 2609 520 2617 ·
848 2566 900 2631 19·
917 2565 1005 2628 Febr.
1022 2567 1117 2630 ¹⁵49·
1153 2600 1264 2668 gem,
1288 2578 1394 2647 licere
1413 2577 1483 2669 ipsi
1504 2577 1620 2648 facere
1642 2578 1812 2674 quicquid
1834 2583 1931 2656 libet.
1985 2585 2022 2659 Ο
2039 2606 2166 2665 tetram

129 2650 300 2746 ...a-5.
487 2677 490 2686 ’
657 2755 663 2770 ,
707 2673 709 2678 ’
845 2660 1115 2698 W
1169 2705 1311 2765 vocem,
1336 2693 1370 2750 et
1386 2701 1533 2771 prorsus
1548 2703 1590 2748 er
1603 2675 1760 2752 Ecclesia
1776 2686 2055 2776 explodendam,
2081 2697 2165 2788 quia

192 2760 227 2816 lu
239 2759 358 2830 Queeet.
376 2775 405 2828 p.
418 2755 452 2810 88
465 2773 526 2828 sqq.
567 2755 636 2810 Item
655 2773 685 2812 m
702 2755 769 2812 Mei.
784 2758 890 2814 comit.
909 2758 941 2813 Ρ.
956 2757 992 2815 ll.
1004 2761 1116 2882 Lpstttt.

1027 2849 1039 2880 ,.

225 2842 252 2883 a
281 2823 981 2898 arses.u2012n121.r.·1tcp.79s.oc.m.
1054 2827 1117 2882 ora.
1169 2780 1285 2853 ΒΜ
1314 2782 1467 2853 ‘imflflffl
1492 2780 1576 2854 facit
1606 2783 1823 2875 turpissimis
1851 2802 1887 2859 ‘t
1911 2793 2166 2876 crudelissimis

129 2925 137 2932 ·
226 2898 285 2955 Ut·
303 2901 336 2958 l³·
353 2905 378 2954 ¹·
412 2895 544 2952 fficheffi·
556 2893 588 2951 T·
605 2897 658 2951 ΙΙΙ·
676 2915 702 2968 r·
713 2897 776 2954 ⁴⁷¹·
992 2967 995 2976 ¹
1170 2883 1351 2980 tyrannis,
1383 2907 1536 2977 quorum
1569 2883 1707 2957 furores
1739 2887 1840 2960 neella
1870 2890 1946 2982 lege
1980 2911 2165 2986 reguntur.

125 3035 131 3042 -
158 3017 161 3024 ·
280 3066 283 3074 ,
552 3061 560 3078 ‚
722 3061 730 3078 ,
971 3027 999 3043 ι·
1169 2983 1291 3078 Longe
1311 2986 1414 3056 aliter
1437 2988 1481 3055 de
1504 2981 1828 3060 Deo'sentiendum
1853 3005 1925 3076 est,
1949 2997 2165 3092 quiadegem

120 3065 296 3151 ⁰¹⁸⁰⁰⁸li⁰
311 3057 358 3131 ‘l‘
372 3062 462 3130 Μ)
475 3061 604 3158 ἅςωωθ
613 3106 625 3146 s
650 3066 819 3144 ''mim“
833 3081 858 3131 α
873 3061 973 3156 md·
991 3061 1067 3132 Ma
1078 3067 1138 3130 '⁸'
1170 3089 1269 3160 suam
1290 3089 1371 3159 ideo
1392 3087 1573 3182 patefecit,
1605 3105 1646 3162 ιιι
1669 3114 1815 3182 prorsus
1834 3095 1939 3168 talem
1962 3122 2036 3172 esse
2056 3102 2167 3195 ipsius

123 3163 255 3260 ΠΜ.
279 3159 616 3250 Laieteeootct,
641 3165 829 3254 mimo
853 3161 890 3236 d·
911 3161 968 3238 ¹9·
987 3160 1090 3234 Feli·
1170 3205 1326 3263 mentem
1348 3200 1383 3262 et
1403 3191 1621 3261 voluntatem
1643 3193 1813 3281 sciamus,
1837 3198 1957 3292 qualia
1979 3207 2167 3298 praecepit,

561 3261 670 3348 ¹549·
828 3386 832 3392 ι
960 3389 961 3394 ¹
1169 3292 1243 3365 Nec
1264 3295 1342 3366 vult
1356 3289 1454 3364 Deus
1475 3317 1634 3388 unquam
1652 3320 1716 3386 nec
1729 3299 1922 3389 approbat,
1944 3327 2010 3375 nec
2023 3309 2169 3384 adiuvat

118 3389 215 3477 Non
237 3399 354 3475 sotum
376 3421 444 3470 nos
469 3412 612 3470 excusat
633 3399 854 3468 consuetudo
870 3393 1031 3480 scholae,
1055 3397 1118 3493 qui
1170 3397 1243 3466 ulia
1260 3419 1366 3487 opera
1386 3397 1580 3487 pugnantia
1599 3421 1679 3466 cum
1701 3421 1763 3470 sua
1778 3401 1866 3492 lege.
1916 3401 2053 3478 Eadem
2071 3411 2168 3486 euim

120 3503 267 3577 dicendi
289 3517 405 3596 partes
425 3493 495 3572 hoc
516 3499 595 3570 loco
618 3501 723 3570 nobis
737 3495 812 3571 n‘on
827 3515 950 3572 nostro
969 3501 1118 3572 consilio
1159 3511 1331 3590 wpugnant
1350 3521 1431 3567 cum
1453 3496 1565 3588 ipsius
1589 3512 1706 3570 mente
1727 3515 1762 3574 et
1775 3501 1977 3596 voluntate,
2003 3528 2168 3604 quaeest

121 3609 316 3691 sumimus,
340 3607 403 3675 sed
419 3627 438 3674 a
456 3603 745 3696 praeceptoribus
765 3603 949 3696 impositas
965 3604 1118 3699 sustine·¹
1170 3599 1404 3672 immutabitis
1420 3623 1547 3668 norma
1565 3598 1733 3672 iusticiae.
2158 3683 2162 3694 ⁸

119 3733 221 3796 suus,
250 3709 383 3804 quibus
405 3702 552 3776 obedire
574 3727 715 3776 necesse
739 3719 807 3778 est:
840 3708 901 3776 sed
924 3727 988 3776 vos
1010 3706 1117 3777 etiam
1273 3701 1457 3787 Praeterea
1474 3701 1504 3770 si
1518 3703 1714 3774 necessario
1730 3704 1900 3778 eveniunt
1917 3709 2050 3797 omnia,
2076 3714 2166 3808 quid

118 3807 299 3898 hortatur,
323 3825 364 3882 ut
379 3807 555 3902 patienter
568 3831 635 3878 nos
649 3805 819 3892 audiatis,
844 3821 879 3878 et
894 3809 1034 3878 veniam
1050 3832 1118 3879 no·
1171 3805 1319 3899 prodest
1346 3803 1549 3875 invocatio?
1590 3800 1660 3874 Hic
1686 3831 1769 3878 vero
1799 3808 1905 3892 etiam
1941 3811 2169 3905 impudenter

121 3931 215 3990 strae
233 3913 388 3986 orationi
404 3911 507 3984 detis.
557 3907 598 3981 ld
617 3910 683 3981 etsi
697 3923 822 4002 sponte
838 3924 873 3981 et
888 3921 1006 3980 vestro
1021 3909 1118 3980 iudi·
1171 3907 1283 3980 Stoici
1306 3906 1456 3978 confessi
1479 3917 1579 3988 sunt,
1609 3901 1703 3978 nihil
1725 3933 1800 3978 eam
1825 3915 2010 4002 prodesse,
2032 3919 2168 3989 necfa-
2263 3915 2266 3921 “

121 4020 180 4090 cio
194 4016 319 4102 facitis,
343 4030 464 4087 temen
478 4005 668 4083 honestum
682 4027 752 4096 est,
777 4011 936 4085 iuniores
951 4035 1119 4083 reveren·
1172 4005 1345 4080 ciendum
1356 4034 1429 4080 esse
1446 4001 1575 4104 χρείας
1591 4003 1716 4096 ἕνεκα,
1743 4005 1837 4084 ἀλλὰ
1853 4009 2101 4111 εὐχαριστίας,
2130 4021 2168 4094 id

120 4137 179 4196 ter
200 4134 336 4214 petere,
362 4129 405 4188 ut
426 4139 550 4186 eorum
572 4115 772 4186 orationem
793 4115 833 4184 in
853 4115 998 4208 publico
1015 4127 1119 4186 coetu
1171 4123 1242 4198 est,
1267 4137 1341 4183 non
1361 4126 1402 4184 ut
1423 4133 1527 4204 opem
1550 4112 1644 4182 ferat
1664 4112 1927 4205 indigentibus,
1952 4123 2012 4192 sed
2031 4135 2072 4194 ut
2086 4145 2169 4213 gre·

120 4223 282 4296 seniores
296 4219 383 4292 boni
398 4217 597 4291 consulant.
636 4215 757 4306 Quare
773 4217 877 4288 initio
891 4241 954 4289 vos
968 4241 1052 4303 oro,
1073 4241 1120 4288 ue
1172 4215 1238 4287 tias
1252 4217 1395 4305 agamus
1410 4212 1589 4284 conditori
1604 4237 1745 4302 rerum,
1767 4219 1863 4312 quod
1882 4222 2044 4294 ordinem
2061 4239 2169 4297 natu-

120 4351 180 4398 me
201 4324 330 4396 fiducia
351 4320 507 4412 ingenii,
530 4321 592 4390 sed
613 4333 655 4390 ut
675 4320 964 4413 praeceptoribus
979 4319 1119 4390 obte'm-
1172 4341 1232 4388 rae
1250 4316 1461 4400 instituerit,
1486 4329 1527 4386 ut
1543 4317 1675 4410 species
1690 4335 1860 4392 serretur.

123 4451 305 4524 peterem,
333 4424 534 4496 orationem
555 4415 624 4492 hoc
647 4421 726 4492 loco
749 4415 881 4493 habere
905 4421 1121 4507 existimetis,
1276 4417 1331 4492 Ex
1355 4415 1421 4490 hac
1439 4417 1539 4487 brevi
1562 4425 1899 4494 commemoratione
1916 4423 1999 4498 satis
2015 4425 2168 4518 intelligi

123 4533 257 4604 deiude
279 4541 321 4600 ut
343 4525 641 4618 disputationem,
666 4547 772 4618 quam
803 4549 1021 4618 proponam,
1045 4547 1120 4594 non
1173 4535 1299 4616 potest,
1321 4524 1360 4592 in
1378 4517 1533 4595 Ecclesia
1550 4521 1702 4591 maxime
1718 4546 1808 4615 opus
1826 4549 1917 4611 esse,
1942 4540 1983 4598 ut
1999 4529 2167 4599 adversus

123 4633 299 4728 gravatim
323 4627 494 4713 audiatis,
525 4625 732 4718 praesertim
762 4651 843 4697 cum
872 4639 1121 4718 argumentum
1174 4625 1313 4696 Stoicos
1330 4625 1467 4694 furores
1489 4622 1599 4691 anisni
1617 4625 1706 4694 bene
1723 4630 2037 4718 praemuniantur,
2063 4653 2168 4722 prae-

123 4739 214 4812 utile
232 4737 278 4806 sit
299 4735 344 4804 ad
367 4730 617 4802 illustrandam
636 4728 786 4818 gloriam
803 4726 891 4814 Dei,
915 4743 950 4799 et
973 4730 1018 4798 ad
1043 4751 1123 4799 mo-
1174 4729 1296 4798 sertim
1318 4751 1399 4797 cum
1426 4725 1560 4819 alioqui
1586 4725 1767 4814 mentibus
1793 4728 1832 4798 in
1856 4729 2080 4802 invocatione
2102 4735 2169 4804 ob-

96 4817 207 4914 'rum
231 4823 537 4932 gubernationem.
596 4828 650 4900 Ne
674 4831 720 4901 sit
739 4842 857 4902 autem
879 4831 1017 4921 ingrata
1037 4853 1122 4923 pro·
1162 4840 1307 4923 strepat
1321 4825 1390 4899 hoc
1404 4841 1671 4916 argumentum:
1699 4825 1797 4918 Quid
1814 4831 1904 4924 petis
1920 4833 2168 4908 liberationem

123 4945 264 5023 linitas,
290 4939 368 5010 sine
391 4935 552 5027 longiore
566 4931 713 5003 exordio
728 4933 969 5028 quaestionem
990 4956 1123 5024 propo-
1174 4933 1213 5001 in
1237 4931 1424 5025 periculo?
1454 4931 1598 5002 vincent
1621 4931 1757 5010 morbi,
1785 4947 1846 5004 aut
1868 4935 1959 5006 aliae
1981 4951 2093 5030 pestes
2109 4964 2170 5010 or-

124 5072 175 5118 no
196 5059 372 5128 veterem,
397 5035 432 5112 et
454 5059 556 5130 saepe
578 5059 598 5106 a
618 5029 812 5128 Theologis
836 5049 872 5108 et
894 5030 1122 5129 Philosophi:
1175 5035 1260 5106 dine
1281 5048 1445 5117 naturae,
1471 5031 1534 5126 qui
1560 5057 1634 5102 non
1662 5044 1831 5110 mutatur.
1882 5031 1980 5110 Haec
2002 5041 2169 5137 cogitatio

123 5151 310 5244 agitatam:
397 5187 399 5194 -
1008 5177 1011 5184 ·
1054 5177 1061 5190 ·
1174 5161 1277 5230 saepe
1292 5134 1506 5228 languefacit
1520 5135 1794 5205 invocationem.

127 5269 133 5278 ’
229 5249 291 5321 Αιι
319 5244 370 5316 sil
397 5263 481 5314 aero
503 5239 684 5312 scatentia
711 5237 908 5310 stoicorum
931 5233 974 5309 de
994 5235 1125 5338 fatali
1274 5235 1353 5308 Etsi
1372 5251 1490 5309 autem
1513 5259 1640 5325 magna
1663 5237 1864 5311 absurditas
1881 5255 1934 5313 est
1952 5241 2090 5314 Stoicae
2106 5267 2170 5312 ne·
2254 5251 2258 5259 '

125 5351 358 5434 necaritate,
383 5341 538 5438 doe-est,
555 5365 658 5444 ,puae
680 5337 879 5438 adfirmat,
906 5329 980 5414 non
999 5337 1122 5413 solam
1173 5339 1359 5424 cessitatis,
1394 5353 1514 5412 tamen
1541 5337 1755 5430 excogitatae
1784 5357 1868 5416 suot
1891 5343 2101 5446 praestigiae
2124 5345 2171 5418 ed
2203 5409 2205 5412 .

175 5465 359 5532 Μιιιιιτιι.
377 5449 481 5519 Ores.
510 5453 595 5518 Vos.
609 5451 656 5518 X.
1072 5465 1077 5486 .
1469 5435 1521 5513 50
