4866 5990
96 227 178 302 297
411 233 413 238 ’
456 229 713 308 SCRIPTA
745 231 824 310 An·
855 231 1054 309 vtrntu
1084 231 1160 310 ET
1194 228 1780 320 autrum-Muranum
1968 237 1973 250 ’
2064 241 2142 326 898,

92 404 153 493 gio
177 398 336 493 Ruperti
358 403 424 474 lilii
444 418 478 477 et
498 405 591 476 filiae
616 407 727 480 Ducis
750 406 922 480 bavariae
945 407 1094 502 Georgii
1148 405 1197 477 ita
1212 407 1354 492 didicit,
1386 421 1426 479 ut
1447 409 1512 479 uni
1530 412 1598 480 soli
1622 437 1765 506 operam
1787 416 1926 488 dedisse
1940 417 2055 488 videri
2075 440 2142 508 po·
2194 395 2196 400 ,
2271 403 2275 412 ’

91 506 227 576 missus
247 517 355 588 esset,
386 506 509 600 ibique
530 510 666 582 diutius
683 535 779 582 anno
803 527 1094 606 commoraretur,
1147 509 1266 585 tuerit·
1318 509 1391 580 Nec
1412 526 1505 582 artes
1528 518 1635 586 modo
1651 519 1812 605 dicendi,
1838 519 2052 610 elinguas,
2078 522 2142 597 aad

91 623 126 677 et
147 603 311 677 Abdiam
334 607 439 678 illum
461 608 633 682 Iudaeum
657 615 841 688 docentem
860 612 1036 687 Hebraica
1060 629 1094 686 et
1146 623 1256 682 tota-
1278 607 1566 705 Philosophiam,
1592 619 1729 712 etquid
1748 624 1828 692 dico
1850 616 2142 714 philosophiam?

90 708 377 804 Argyropilum,
402 713 548 784 natione
567 711 763 802 Graecum,
790 717 934 810 publice
946 714 1093 814 Thucy..
1146 737 1254 806 parva
1280 715 1375 784 enim
1402 710 1503 802 haec,
1536 719 1620 790 licet
1640 743 1766 812 magna
1792 725 1885 810 sint,
1915 726 2141 809 videbantur,

93 813 208 883 diden
237 813 483 904 profitentem,
522 818 680 888 studiose
714 821 864 896 arrdivit.
930 818 1093 916 Cumque
1146 813 1302 909 Ideoque
1327 841 1402 886 non
1426 833 1613 890 contentus
1630 823 1692 908 iis,
1718 827 1763 894 ad
1780 827 1990 896 sublimiora
2012 825 2141 912 studia,

93 914 338 1010 Argyropilus
354 913 578 987 Germanum
601 943 672 990 esse
695 920 927 1012 intelligeret,
952 924 1093 1018 quaesi·
1144 917 1327 988 facultates
1350 934 1479 991 vocant
1498 926 1717 1012 superiores,
1748 949 1784 997 se
1807 929 1978 1013 contulit,
2011 951 2141 1022 easque

92 1019 160 1103 vit,
198 1039 290 1088 num
314 1016 449 1090 Graeca
470 1021 587 1110 legere
613 1024 756 1094 nosset?
807 1024 874 1096 Ille
900 1049 984 1096 vero
1009 1051 1091 1097 cum
1144 1045 1268 1090 omnes
1290 1021 1426 1091 didicit.
1479 1022 1552 1092 Nec
1572 1028 1687 1096 obiter
1709 1031 1880 1117 gustavit,
1915 1032 1976 1099 sed
1999 1042 2140 1100 tantum

93 1145 162 1191 non
191 1123 306 1191 modo
328 1121 507 1211 eleganter
527 1123 677 1215 legerer,
703 1151 826 1198 verum
851 1127 956 1198 etiam
979 1129 1091 1216 inter.
1144 1123 1241 1191 iniis
1259 1125 1424 1214 profecit,
1451 1139 1492 1196 ut
1513 1127 1618 1196 etiam
1634 1153 1714 1199 cum
1732 1134 1879 1202 summis
1894 1132 2089 1202 artificibus
2105 1145 2140 1202 et

92 1236 295 1315 preterctur
323 1224 575 1295 difficillimum
601 1241 779 1316 autorem,
814 1231 1022 1302 exclamavit
1051 1232 1092 1300 in
1144 1222 1407 1294 Professoribus
1426 1231 1579 1304 certarit.
1630 1228 1782 1304 Audivit
1803 1229 1861 1305 hic
1883 1235 1924 1302 in
1938 1229 2139 1323 Theologia

91 1327 257 1419 publico,
284 1323 379 1398 Fece
403 1323 553 1399 Graecis
578 1343 701 1402 nostro
724 1332 830 1404 exilio
858 1335 1092 1405 transvolavit
1143 1321 1351 1397 scholastica
1372 1328 1566 1400 Doctorum
1588 1323 1792 1432 Lampum,
1817 1337 1878 1432 qui
1902 1351 1979 1408 tum
2000 1335 2138 1428 praeci-

95 1427 215 1523 Alpee
1143 1453 1236 1526 puus
1253 1425 1472 1512 habebatur,
1499 1443 1534 1501 et
1550 1433 1639 1503 alios
1655 1433 1887 1514 Professores.
1925 1431 2138 1522 Simlerum,

703 1551 704 1556 ’
1143 1557 1215 1626 quo
1245 1547 1346 1604 antea
1379 1555 1464 1605 usus
1490 1534 1605 1606 fuerat
1636 1555 1862 1632 praeceptore
1893 1541 1932 1609 in
1960 1539 2138 1610 discendis

195 1631 338 1704 Habuit
359 1629 527 1724 Tubinga
551 1657 594 1704 eo
616 1647 775 1729 tempore
792 1638 890 1708 viros
905 1651 1089 1730 praestan.
1142 1635 1295 1726 linguis,
1325 1632 1406 1705 lura
1440 1631 1498 1704 hic
1522 1637 1745 1728 profitentem
1767 1644 1958 1734 diligenter
1987 1640 2136 1732 audivit.

96 1734 244 1807 tissimos
265 1735 307 1804 in
332 1734 464 1820 literis,
491 1751 526 1807 et
544 1737 698 1828 linguis,
724 1755 759 1812 et
780 1754 919 1832 praeter
942 1736 1089 1813 Reuch-
1141 1733 1188 1806 Et
1202 1737 1304 1808 facile
1320 1761 1399 1806 cum
1415 1750 1508 1807 artes
1524 1740 1684 1826 dicendi,
1711 1757 1747 1814 et
1762 1739 1916 1816 Ethicen
1934 1759 2027 1816 recte
2041 1744 2139 1824 didi·
2174 1809 2179 1824 ,

97 1839 221 1922 linum,
235 1835 435 1928 Georgium
450 1837 657 1927 Simlerum,
680 1867 751 1936 quo
767 1857 848 1913 ante
863 1856 1089 1936 praeceptore
1140 1839 1260 1926 risset,
1286 1839 1503 1932 ingenioque
1528 1843 1729 1931 excelleret,
1754 1847 1887 1916 inillis
1909 1847 2036 1917 studiis
2056 1867 2136 1917 cum

104 1963 188 2010 usos
218 1941 344 2026 fuerat,
379 1933 656 2012 Brasss'canum
687 1959 722 2014 et
747 1939 940 2015 Bebeliom
965 1947 1089 2036 poe'tas
1139 1943 1256 2014 fructu
1273 1942 1405 2012 versari
1420 1944 1549 2032 potuit,
1568 1963 1812 2044 quantumque
1829 1949 2027 2042 profecerit,
2050 1948 2138 2018 libri

101 2039 304 2129 Laurentos,
336 2041 511 2112 loannem
529 2038 768 2148 Stoefflerum
790 2043 1085 2119 Mathematicum
1139 2047 1184 2114 de
1200 2039 1256 2118 his
1269 2043 1391 2136 scripti
1414 2057 1605 2133 testantur,
1630 2063 1664 2119 et
1688 2045 1746 2120 hic
1769 2053 1862 2142 leges
1886 2051 2054 2148 privatim
2069 2051 2136 2118 do-

98 2145 287 2236 insignem,
316 2143 371 2215 M.
393 2143 624 2218 Franciscum
648 2145 879 2220 Stadionum
905 2148 1088 2222 Professo-
1138 2147 1224 2222 cuit.
1278 2145 1456 2216 Medicam
1476 2173 1559 2218 vero
1584 2166 1697 2222 artem
1721 2177 1796 2222 non
1819 2153 1989 2244 neglexit,
2015 2153 2136 2222 sedet

98 2271 165 2318 rem
182 2245 384 2320 Aristotelis
399 2249 691 2333 celeberrimum,
718 2266 753 2324 et
774 2253 863 2323 alios
885 2253 1086 2324 eruditione
1138 2243 1196 2320 hic
1212 2247 1432 2338 Professores
1457 2250 1533 2321 eius
1557 2253 1723 2324 docentes
1742 2255 1881 2327 audivit
1899 2254 2074 2340 studiose,
2100 2267 2135 2325 et

97 2364 305 2440 praestantes
323 2351 436 2432 viros,
462 2376 544 2422 cum
561 2354 693 2446 quibus
707 2353 753 2430 D.
769 2351 958 2446 Philippus
981 2356 1086 2425 fami·
1138 2349 1270 2422 Galeni
1287 2352 1400 2420 libros
1415 2375 1495 2420 cum
1520 2369 1666 2446 propter
1685 2357 1845 2448 linguam
1861 2372 1897 2430 et
1911 2351 2135 2441 methodum,

95 2452 222 2524 liariter
236 2467 551 2538 ascomannos,
578 2469 613 2525 et
637 2457 676 2526 in
694 2453 863 2530 discendo
880 2457 1084 2550 aliquorum
1136 2466 1373 2550 tum'propter
1396 2477 1516 2524 rerum
1532 2459 1773 2546 cognitionem
1791 2460 1839 2529 ita
1861 2460 1965 2552 legit,
1992 2473 2032 2530 ut
2049 2481 2131 2530 sen-

95 2577 192 2648 opera
212 2579 318 2637 usus,
344 2557 552 2650 pracsertim
574 2552 746 2645 Simleri,
772 2558 836 2653 qui
858 2561 976 2660 dicere
991 2561 1084 2631 sole-
1135 2558 1281 2628 tentiam
1310 2556 1445 2626 autoris
1468 2557 1513 2626 sit
1536 2575 1794 2654 consequutus,
1818 2576 1852 2632 et
1867 2563 2037 2656 pleraque
2055 2584 2132 2632 me-

95 2659 167 2743 bat,
195 2659 414 2751 discipulum
445 2673 672 2750 praeceptore
696 2663 892 2734 doctiorem
923 2685 1016 2750 esse,
1049 2677 1085 2734 et
1135 2662 1282 2730 moriter
1311 2659 1460 2728 recitare
1488 2662 1664 2752 potuerit,
1696 2663 1845 2758 eiusque
1871 2667 1923 2735 rei
1952 2663 2130 2756 specimen

95 2755 291 2864 Stoefflers',
318 2785 426 2855 quem
442 2761 600 2832 triennio
616 2765 808 2855 diligenter
825 2763 974 2835 audivit.
1133 2763 1233 2834 dedit
1250 2763 1289 2832 in
1304 2759 1428 2834 libello
1447 2761 1490 2830 de
1505 2759 1649 2836 Anima.

183 2967 366 3061 Perceptis
394 2966 553 3054 artibus,
588 2967 739 3057 linguis,
773 2980 807 3038 et
836 2963 1082 3062 Philosophia,
1232 2963 1330 3038 Haec
1365 2966 1488 3036 omnia
1522 2967 1684 3038 celeriter
1716 2967 1861 3056 didicit,
1901 2959 1941 3042 ut
1966 2969 2129 3041 omnium

94 3071 212 3162 partim
228 3095 249 3140 a
266 3069 578 3160 praeceptoribus,
605 3069 735 3162 partim
751 3095 835 3141 vero
851 3071 992 3162 privato
1006 3087 1081 3144 stu·
1132 3071 1255 3139 oculos
1277 3069 1315 3138 in
1338 3093 1375 3140 se
1397 3083 1637 3157 converteret,
1664 3094 1745 3140 cum
1770 3071 2053 3164 discipulusne,
2080 3096 2128 3146 au

93 3173 170 3258 dio,
199 3167 354 3242 honores
385 3187 419 3244 et
445 3173 593 3261 gradum
617 3169 816 3260 Magisterii
841 3169 1082 3266 philosophici
1133 3172 1267 3243 Doctor
1283 3195 1322 3242 ac
1336 3171 1520 3258 Professor
1535 3171 1636 3262 prius
1652 3185 1752 3255 esset,
1778 3173 1906 3244 merito
1923 3175 2003 3268 quis
2018 3173 2129 3270 dubi·

93 3274 131 3343 in
145 3269 210 3344 hac
223 3269 342 3344 schola
357 3275 464 3366 petit,
490 3287 525 3342 et
542 3276 772 3368 consequitur
792 3300 888 3358 auno
907 3300 927 3346 a
949 3275 1082 3346 nativi·
1131 3275 1270 3366 taverit.
1322 3272 1406 3344 Fuit
1420 3275 1517 3343 enim
1535 3274 1574 3342 in
1591 3299 1633 3344 eo
1649 3276 1772 3346 divina
1787 3276 1840 3346 vis
1860 3276 2010 3368 ingenii,
2037 3276 2131 3346 acies

92 3391 157 3448 tate
173 3372 304 3448 Christi
322 3373 556 3452 M.D.Xllll.
570 3377 609 3444 in
624 3375 684 3448 die
706 3377 950 3448 conversionis
964 3375 1082 3466 Pauli,
1130 3379 1278 3462 mentis,
1311 3375 1438 3446 iudicii
1462 3377 1669 3463 dexteritas,
1705 3381 1877 3448 memoria
1908 3379 2132 3463 admiranda,
2160 3377 2173 3464 j

91 3475 227 3550 Decano
246 3479 419 3571 Magistro
436 3477 570 3549 loanue
587 3473 729 3568 Kreas,
755 3495 789 3552 et
804 3475 899 3552 inter
913 3479 1081 3554 undecim
1129 3493 1171 3550 ut
1185 3479 1388 3550 meminerit
1409 3479 1590 3564 omniurn,
1616 3503 1708 3573 quae
1726 3481 1783 3550 vel
1801 3481 1960 3570 legisset,
1986 3481 2043 3550 vel
2062 3503 2138 3552 au·.
2222 3499 2228 3512 ⁴

90 3577 299 3654 Candidatus
316 3581 607 3676 primumlocum
624 3582 792 3654 obtinuit.
1130 3581 1273 3652 divisset
1305 3603 1484 3674 unquam,
1521 3593 1561 3650 ut
1595 3581 1879 3652 circumstantias
1913 3596 2130 3672 temporum,

854 3737 856 3740 .
1128 3683 1301 3770 locorum,
1326 3697 1569 3776 personarum,
1597 3695 1632 3752 et
1648 3683 1796 3752 nomina
1811 3707 1966 3777 quoque,
1990 3705 2128 3765 versus,

184 3785 310 3858 Postea
334 3799 370 3856 et
394 3787 519 3886 docere
544 3785 650 3856 simul
671 3786 787 3878 coepit
812 3784 851 3854 in
871 3779 938 3854 hac
959 3780 1078 3856 schola
1128 3786 1337 3872 sententias,
1364 3797 1399 3855 et
1420 3785 1587 3875 periodos
1607 3785 1813 3854 memoriter
1828 3785 1977 3856 recitare
2001 3785 2130 3876 possit,

94 3888 198 3959 bonos
223 3904 368 3962 autores
394 3885 606 3978 Virgilium,
640 3903 674 3959 et
696 3886 928 3971 Terentium,
961 3911 1079 3980 quem,
1128 3913 1218 3982 quae
1238 3887 1360 3958 omnia
1381 3889 1529 3974 docent,
1549 3887 1759 3956 memoriam
1783 3886 1859 3956 eius
1880 3886 1989 3957 fuisse
2007 3886 2124 3956 admi·
2211 3925 2214 3937 ·

93 3992 166 4084 quia
189 4015 295 4084 prosa
321 3991 483 4063 oratione
506 3991 659 4083 scriptus
675 3989 863 4060 videbatur
877 3984 984 4084 (sicut
1003 3991 1077 4082 pri·
1127 3991 1295 4062 rabilem,

92 4118 141 4163 ma
159 4095 371 4186 exemplaria
385 4107 523 4165 vetusta
547 4095 671 4163 eodem
688 4094 795 4162 modo
809 4113 959 4177 excusa,
986 4115 1077 4186 quae
2080 4131 2083 4136 ·

89 4197 361 4292 nosquoquein
378 4209 498 4266 nostra
516 4196 666 4288 pucritia
684 4195 859 4280 vidimus,
883 4191 1076 4290 testantur)
1228 4190 1346 4288 Atque
1370 4189 1439 4264 hoc
1462 4194 1591 4273 modo,
1626 4192 1755 4284 adepto
1777 4192 1891 4282 pedu
1913 4188 2125 4282 Magisterii,

90 4313 275 4370 monstrato
307 4299 476 4369 carminis
499 4321 644 4388 genere,
675 4297 846 4368 restitnit:
884 4308 919 4368 et
943 4297 983 4366 in
1007 4291 1074 4369 hee
1124 4297 1364 4390 quadriennio
1382 4291 1440 4365 hic
1456 4296 1545 4366 vixit
1559 4292 1697 4366 Ductor
1712 4293 1820 4365 simul
1846 4295 2023 4365 bonarum
2041 4293 2124 4366 lite-

91 4395 196 4473 tchola
212 4402 374 4497 quinque
390 4403 466 4472 eius
479 4398 691 4472 Comoedias
705 4400 893 4472 enarravit.
1125 4421 1270 4484 rarum,
1296 4413 1331 4470 et
1346 4398 1544 4490 discipulus
1559 4399 1764 4489 graviorum
1782 4397 1995 4468 studiorum.
2047 4437 2054 4444 -

176 4607 319 4680 Deinde
353 4601 524 4677 Oratoria
559 4606 712 4677 lectione
745 4601 815 4674 sibi
850 4602 1073 4690 demandata,
1225 4598 1297 4670 lam
1322 4609 1400 4670 tum
1424 4569 1617 4670 certamina
1640 4601 1685 4669 de
1714 4595 1904 4688 Religione
1927 4595 2122 4670 Witeber·

91 4703 261 4780 Ciceronis
277 4710 452 4803 quaedam
465 4731 571 4801 opera
587 4705 768 4778 Iuventati
783 4699 978 4798 proposuit,
1005 4730 1072 4796 po-
1120 4727 1182 4795 gae
1189 4755 1202 4790 ,
1229 4727 1292 4794 per
1303 4701 1557 4774 Reverendum
1576 4701 1692 4772 virum
1709 4701 1908 4770 Dominum
1920 4693 2124 4772 Ductorem

90 4813 271 4884 neniam
285 4811 380 4883 Livii
396 4811 508 4881 libros
524 4834 582 4880 sex
597 4809 760 4882 absolvit.
805 4804 854 4878 Et
870 4807 977 4876 simul
993 4821 1069 4879 turn
1119 4806 1318 4876 Martinum
1355 4799 1553 4876 Lutherum
1591 4805 1629 4872 in
1667 4827 1771 4875 causa
1806 4801 2119 4890 indulgentiarum

89 4911 172 4984 inter
183 4916 386 4986 docendum
402 4915 448 4984 ad
465 4911 674 4986 sublimio‘ra
690 4910 851 4982 animum
867 4909 1068 5002 applicavit,
1117 4922 1218 4980 eraut
1234 4921 1351 4990 mota,
1375 4903 1423 4977 Et
1439 4908 1607 4998 optimus,
1630 4929 1669 4976 ac
1683 4903 1979 4998 prudentissimus
1994 4901 2058 4976 Pri
2077 4931 2126 4978 n·-

87 5011 236 5112 Cumque
259 5018 393 5088 valeret
417 5017 582 5107 ingenio,
613 5016 709 5110 quod
732 5015 777 5082 ad
800 5012 918 5084 studia
943 5025 1067 5083 natum
1116 5035 1196 5104 ceps
1211 5003 1430 5081 Fridericus
1448 5011 1529 5082 Dus
1553 5009 1728 5080 saxoniae
1751 5003 1917 5093 Elector,
1944 4985 2126 5080 scholam

87 5133 161 5200 erat,
183 5121 396 5192 etomnium
411 5143 537 5210 capax,
562 5143 637 5187 non
652 5117 717 5188 uni
730 5117 930 5186 studiorum
946 5117 1067 5204 generi
1116 5137 1136 5184 a
1160 5137 1197 5183 se
1221 5113 1422 5184 institutam
1448 5114 1610 5192 fovebat,
1646 5123 1682 5181 et
1705 5112 1916 5196 exornabat,
1949 5111 2115 5203 nudique

83 5223 248 5310 sedabat,
272 5225 334 5292 sed
350 5223 527 5294 omnibus.
579 5219 691 5314 ldque
713 5221 801 5291 adeo
824 5217 998 5289 foeliciter
1015 5230 1066 5304 ut,
1114 5217 1290 5287 accersitis
1313 5215 1401 5284 viris
1428 5213 1651 5285 doctissimis.
1722 5209 1821 5282 lntcr
1843 5214 2001 5306 reliquos
2025 5235 2113 5282 vero

83 5329 168 5414 quod
191 5325 318 5396 auditu
341 5325 471 5395 mirum
495 5336 562 5409 est,
595 5347 676 5393 cum
705 5321 792 5392 alias
820 5321 971 5412 singuli,
1004 5321 1063 5392 vix
1114 5320 1219 5392 etiam
1242 5313 1506 5400 Reuchlinum,
1533 5315 1635 5386 cuius
1659 5327 1735 5386 tum
1761 5315 1800 5385 in
1825 5327 1897 5388 tota
1916 5311 2111 5386 Germania

81 5425 226 5518 singutas
240 5441 334 5500 artes
348 5443 441 5499 recte
456 5427 611 5510 discant,
639 5419 698 5496 hic
713 5447 837 5496 omnes
854 5437 889 5495 et
904 5423 1061 5515 singulas
1112 5424 1250 5498 celebre
1276 5435 1350 5492 erat
1380 5440 1533 5504 nomen,
1566 5415 1823 5510 Witcbergam
1848 5429 2012 5490 vocatum
2036 5435 2111 5486 esse
2229 5451 2239 5458 -
