4866 5990
55 376 62 479 l

183 218 253 296 ese
547 215 802 298 sumere
832 216 908 296 ao
934 215 1137 293 mrsu
1162 211 1238 292 nr
1267 213 1513 296 tuoruum
1537 217 1853 301 uenturas
2087 167 2093 182 ’
2136 221 2219 306 ese

181 413 263 462 nam
288 391 431 463 medico
457 391 620 482 iaciunt,
645 395 708 466 sed
737 407 886 466 eventus
907 397 1028 486 p'ostea
1050 389 1174 464 docuit
1222 391 1307 464 illae
1330 393 1507 466 eiusmodi
1529 395 1670 483 fierent,
1699 397 1853 468 monem
1874 393 2216 488 aunonensem

179 515 249 566 csse
263 492 367 565 illam
382 487 524 595 κρίσιν,
544 509 586 570 ot
599 497 731 568 medici
743 497 944 592 loquuntur
955 495 1109 588 ἐλλειπῆ.
1138 527 1142 532 ·
1221 495 1413 583 tissimam,
1443 497 1600 568 calculos
1623 513 1740 570 tamen
1766 495 1834 570 boc
1852 512 1928 572 toto
1942 513 2103 591 tenpore
2115 497 2214 576 eisi-

279 593 415 668 'l'ristia
429 605 549 670 tamen
565 613 670 670 erant
680 599 844 692 inprimis
858 599 950 670 illud
970 598 1112 686 nigrum
1132 593 1172 664 in
1220 597 1298 668 mol
1321 600 1492 670 molestos
1515 623 1606 686 esar,
1638 615 1674 672 et
1696 602 1863 676 arenulae
1886 601 2056 672 omnibus
2085 591 2215 676 diebus

182 700 425 786 ermemmtis,
459 707 494 772 et
512 703 611 795 «prod
635 714 714 794 past
734 722 1080 797 paroxysmnmcuro
1096 697 1172 768 col-
1221 699 1366 790 copiose
1385 704 1544 788 excerni,
1569 703 1721 796 quadam
1742 703 1849 774 etiam
1864 703 1925 774 die
1939 703 2213 795 apramdue

182 802 290 874 locato
312 802 357 872 io
379 803 504 876 sellam
524 817 605 874 ante
626 803 798 890 lectolrnn
813 805 915 901 cibos
932 803 964 874 ei
980 801 1171 895 praebere-
1220 801 1318 874 tibus
1337 801 1412 896 ipse
1436 823 1547 876 manu
1567 829 1629 876 sua
1654 806 2012 895 ereptdmmaiediom
2043 803 2214 900 dimidiae

181 917 251 988 tor,
282 904 455 1000 quicquid
476 919 689 978 snumserat
713 907 831 978 stetim
854 905 1076 989 revomebat,
1101 897 1170 974 boc
1218 905 1330 976 terme
1345 907 1535 978 lenticulae
1549 905 1980 997 magnibertum-{terebat
1996 906 2213 984 audendo-s

185 1007 291 1092 coinr',
320 1013 542 1100 quentapere
564 1007 756 1082 ventriculi
776 1009 891 1080 virtus
914 1007 1047 1080 aiilicta
1067 1018 1170 1090 mart,
1218 1007 1280 1078 bat
1302 1005 1442 1084 amicis,
1490 1007 1597 1080 Tales
1620 1009 1729 1099 igitur
1742 1009 1968 1080 urinae'cooi
1982 1007 2216 1082 suisrentaov

186 1109 363 1200 arguebat,
387 1111 594 1203 praesertim
619 1135 700 1184 euro
720 1135 801 1184 eum
817 1111 938 1182 cibum
955 1107 1094 1180 vomito
1109 1130 1168 1178 re-
1217 1105 1292 1196 tea‚
1318 1104 1386 1181 boc
1402 1106 1641 1202 temporebae
1658 1112 1962 1206 quoqueismtari,
1986 1109 2213 1204 neqneillod

187 1211 315 1298 barat,
354 1237 428 1308 quo
455 1213 602 1286 suavius
627 1213 834 1313 quamlollo
856 1213 928 1284 alio
948 1211 1021 1282 illia
1042 1211 1170 1282 diebus
1217 1209 1442 1297 feculentum,
1450 1225 1484 1284 et
1497 1214 1638 1305 piceum
1653 1217 1697 1284 de
1712 1215 1785 1308 quo
1798 1237 1904 1307 sopra
1920 1213 2077 1285 diximus
2089 1213 2130 1284 in
2143 1205 2212 1310 ills.

189 1314 270 1386 vesei
290 1315 447 1401 solebat,
470 1316 533 1410 qui
554 1329 631 1388 erat
645 1317 828 1386 fructuum
842 1339 965 1386 eurum
979 1313 1044 1408 q'ui
1059 1313 1167 1384 limo-
1217 1337 1334 1410 neque
1357 1313 1525 1386 arenulae
1547 1317 1660 1404 magis
1687 1319 1858 1409 appetere
1883 1317 1920 1387 e't
1944 1314 2121 1387 turbidae·
2136 1329 2212 1388 oste

193 1431 426 1490 nesrocantor
438 1418 528 1490 cocti
543 1441 624 1489 eom
640 1417 725 1488 vino
740 1431 775 1488 et
788 1443 892 1490 croco
905 1438 1058 1507 asperso,
1080 1409 1167 1486 baec
1217 1415 1397 1504 desinere,
1421 1419 1483 1488 sed
1506 1417 1679 1510 limpidae
1700 1417 1807 1512 atque
1828 1421 1919 1490 bene
1934 1417 2111 1490 coloratae
2123 1437 2212 1490 cone

194 1520 306 1593 iebant
334 1535 416 1614 post
438 1514 564 1591 horam
587 1519 686 1590 illins
709 1521 783 1590 diei
806 1519 1088 1614 pomeridianam
1111 1541 1168 1590 se-
1217 1519 1328 1618 rpici,
1351 1543 1433 1592 cum
1456 1519 1497 1588 in
1516 1517 1670 1592 extrema
1692 1519 1878 1592 debilitate
1894 1535 2022 1592 natura
2037 1516 2211 1593 innomi
2266 1593 2267 1596 ,

191 1623 338 1696 modam.
395 1620 524 1696 Postea
555 1622 593 1692 in
622 1621 793 1694 lectulum
816 1644 978 1694 reversos
996 1619 1167 1692 dormivit
1216 1621 1401 1694 materiam
1421 1616 1517 1692 nibil
1543 1645 1687 1692 suerum
1717 1619 1862 1694 virium¹
1884 1633 2083 1713 necue,
2122 1613 2211 1692 hoe

188 1749 287 1820 usque
298 1725 342 1796 ad
358 1724 540 1819 quintam,
564 1737 600 1796 et
615 1739 692 1798 tum
710 1725 750 1795 in
765 1725 970 1796 cubiculum
983 1746 1021 1794 se
1037 1720 1166 1792 deduci
1216 1725 1326 1815 igitur
1340 1725 1461 1794 omnia
1478 1724 1597 1819 qualia
1613 1738 1728 1796 essent
1742 1725 1845 1794 iacile
1862 1723 2146 1813 intelligebam,
2168 1733 2211 1794 ot

185 1828 312 1913 voluit,
329 1828 392 1899 nbi
415 1826 525 1902 iacuit
545 1851 658 1922 usque
679 1829 725 1898 ed
748 1827 844 1896 diem
858 1831 1083 1920 sequentem,
1106 1847 1166 1893 ea·
1215 1828 1353 1899 devita
1377 1827 1447 1897 iam
1472 1849 1618 1919 prorsus
1636 1827 1817 1918 desperari
1838 1827 2066 1918 inciperetur.
2128 1817 2210 1915 lpse

188 1953 255 2024 qoe
274 1943 373 2002 nocte
393 1953 539 2000 mutnus
561 1928 722 2022 capiebat
743 1951 817 1999 nou
848 1929 994 2018 longos,
1026 1925 1167 2019 aliquus
1216 1929 1323 2000 etiam
1344 1927 1526 2020 aegrotus,
1552 1930 1617 2000 etsi
1640 1941 1677 1999 et
1700 1925 1913 2015 antea,'sed
1930 1940 2008 1998 tora
2030 1923 2207 2016 magisa'd

186 2047 315 2117 nmen,
359 2029 431 2104 sed
460 2032 495 2103 ei
525 2045 599 2104 tota
621 2032 738 2124 gravis
759 2033 847 2118 init,
879 2053 948 2126 qua
971 2028 1092 2100 omnia
1113 2027 1166 2098 sic
1216 2044 1366 2105 mortem
1386 2044 1602 2124 separatum
1624 2031 1746 2102 animo
1765 2044 1799 2102 et
1815 2031 1998 2102 voluntate
2016 2026 2210 2121 profiteba-
2309 2113 2311 2122 A

52 2142 62 2173 ‘
178 2147 309 2206 mutata
330 2135 448 2220 foere,
487 2147 528 2206 ut
555 2147 773 2206 metueretur
794 2158 841 2204 ne
865 2132 1036 2225 septimus
1059 2151 1166 2222 paro-
1212 2146 1294 2220 tur,
1325 2155 1479 2228 cumque
1499 2147 1581 2204 ante
1605 2133 1774 2204 lectulum
1795 2129 1921 2202 Pastor
1938 2127 2119 2202 Ecclesiae
2137 2151 2208 2200 oo·

175 2259 313 2333 xysrooe
346 2237 521 2332 quicquid
554 2230 673 2308 adbuc
703 2236 885 2331 reliquum
915 2247 1007 2306 esset
1031 2230 1164 2302 virium
1215 2247 1308 2306 strae
1327 2257 1399 2308 uoa
1423 2235 1600 2310 corneliis
1617 2237 1684 2306 sub
1703 2231 2029 2308 boramilliosdiei
2045 2243 2207 2322 octavam

173 2361 280 2410 omoe
308 2352 552 2424 consumeret,
584 2337 623 2409 id
651 2340 748 2434 qood
780 2351 817 2409 et
839 2337 978 2412 accidit.
1042 2331 1165 2426 ltaque
1214 2351 1363 2424 astaret,
1393 2339 1439 2406 de
1470 2331 1537 2407 bae
1562 2339 1687 2408 eadem
1713 2361 1771 2419 re,
1805 2349 1841 2408 et
1862 2336 1960 2432 quod
1982 2335 2032 2406 ad
2053 2345 2208 2406 mortem

170 2441 398 2514 netoebatur·
426 2441 502 2512 dies
533 2441 632 2512 illius
654 2441 888 2533 postridiana.
946 2435 1028 2530 lpse
1057 2434 1164 2506 etiam
1215 2453 1304 2510 esset
1326 2438 1447 2510 animo
1470 2437 1696 2523 confirmato,
1736 2441 1843 2508 verba
1866 2437 2036 2524 iaciebat,
2067 2448 2103 2508 et
2123 2457 2210 2516 moa

167 2557 331 2634 aegrotus
361 2543 471 2614 linem
500 2549 616 2636 prope
633 2567 709 2614 esse
728 2543 849 2614 dicere
868 2553 905 2612 ct
926 2541 1022 2611 inter
1044 2559 1165 2631 preces
1214 2541 1350 2636 inrprit:
1383 2535 1543 2632 Egollei
1567 2541 1896 2611 beneficionullum
1914 2533 2028 2610 babeo
2045 2537 2210 2610 dolorem

167 2667 256 2716 suas
275 2645 484 2718 exclamare:
517 2643 675 2718 Domine
696 2646 1025 2737 iaciinem,'quam
1042 2662 1164 2710 vacem
1214 2643 1469 2729 domesticum,
1509 2667 1581 2736 quo
1606 2643 1677 2713 iam
1701 2642 1927 2735 peculiariter
1948 2663 2068 2732 angar.
2126 2633 2209 2712 Eut

163 2743 373 2820 Erasmum
386 2745 673 2823 Roterodaroom
698 2749 738 2816 in
764 2769 929 2839 supremo
950 2743 1015 2814 illo
1036 2741 1164 2812 morbo
1214 2739 1306 2816 mibi
1326 2758 1451 2838 neptes
1476 2757 1512 2814 et
1534 2757 1681 2836 nepotes
1705 2740 1766 2816 bic
1780 2743 1997 2816 enteocolos
2013 2743 2208 2833 obversus-t

168 2874 245 2922 suo
270 2873 471 2944 murpasse,
504 2851 609 2922 nubis
637 2849 830 2930 relerebat,
860 2849 905 2918 ad
935 2843 1164 2916 novilunium
1213 2861 1293 2934 tur,
1318 2841 1408 2942 quos
1428 2848 1596 2918 ardenter
1613 2845 1743 2936 diligo,
1768 2860 1889 2916 tamen
1908 2869 1966 2920 me
1984 2839 2053 2916 huo'
2076 2860 2206 2936 eopsoe

161 2965 291 3026 antean
322 2956 434 3047 quod.
454 2953 684 3044 impendebat
715 2951 760 3022 ad
783 2950 879 3021 diem
896 2949 949 3020 aab
969 2951 1036 3030 io,
1064 2945 1165 3018 cuius
1213 2951 1326 3037 latur,
1359 2949 1456 3044 quod
1477 2947 1557 3041 pios
1575 2961 1744 3041 parentes
1764 2943 1922 3030 hebent,
1944 2969 2036 3042 qnos
2055 2944 2208 3035 etpipsos
2307 2941 2309 2946 '

160 3049 318 3128 meede
331 3057 404 3126 iarn
419 3055 461 3132 iu
471 3055 637 3126 manibus
653 3067 723 3139 est,
748 3053 932 3145 septimam
948 3051 992 3121 de
1005 3047 1163 3143 periculo
1214 3051 1345 3142 diligo,
1374 3052 1437 3145 qui
1460 3073 1566 3123 curae
1593 3051 1675 3122 illus
1698 3051 1767 3120 sibi
1792 3072 1866 3122 esse
1887 3049 2088 3140 patientur,
2112 3045 2209 3116 sicot

160 3180 237 3228 suo
260 3157 501 3244 aminabatur,
531 3159 593 3236 sed
616 3156 726 3227 nimis
746 3156 882 3227 multae
906 3175 1031 3224 causae
1051 3162 1164 3230 erant,
1214 3148 1306 3224 mihi
1325 3148 1498 3226 hactenus
1517 3154 1682 3234 inerunt,
1714 3149 1801 3224 dcun
1821 3153 1934 3223 valui:
1967 3149 2039 3224 Sed
2061 3147 2207 3242 publica

160 3283 271 3354 quae
295 3260 340 3332 ad
365 3259 459 3330 illud
489 3279 602 3354 osque
634 3273 774 3352 tempus
798 3255 968 3328 sustiueri
999 3252 1162 3334 morbum
1213 3255 1463 3342 meaificiunt,
1489 3253 1655 3347 inprimis
1670 3279 1711 3326 ca
1726 3253 1823 3350 quae
1833 3249 1908 3326 hoc
1919 3253 2015 3326 malo
2027 3266 2065 3324 et
2085 3243 2209 3342 lophi-2

157 3383 362 3456 pomnen
372 3361 711 3456 sinebantsperare.
764 3355 1067 3454 ltaqueiostantis
1080 3362 1163 3448 per'·
1215 3359 1304 3430 atico
1330 3360 1449 3430 seculo
1473 3360 1513 3428 in
1534 3353 1692 3430 Ecclesia
1706 3369 2023 3443 removentur,
2042 3352 2115 3426 Sed
2136 3348 2207 3424 Dei

159 3463 554 3560 oaysodupdstridiena
583 3465 809 3536 metuebatur
825 3459 887 3556 ²⁸),
931 3473 975 3532 ut
996 3456 1165 3541 diximus,
1214 3460 1387 3532 beneficio
1408 3459 1572 3531 doctrina
1595 3461 1907 3552 nostre-explicate
1923 3473 1986 3530 est.
2034 3451 2085 3528 iit
2098 3454 2207 3547 paolo

165 3589 279 3660 quaro
291 3565 591 3658 tamen-etipsam
606 3587 705 3636 mura
716 3578 757 3636 ut
768 3564 935 3635 eodietur
946 3557 1163 3652 anticipavit.
1213 3574 1294 3654 9⁰¹⁸
1314 3583 1507 3634 couversos
1530 3560 1576 3632 ad
1598 3574 1752 3632 achotes
1772 3562 1949 3656 wosdsro
1972 3558 2079 3645 alios,
2109 3553 2209 3628 oen

166 3665 492 3758 Mamigiturdiei
508 3667 701 3764 sequentis,
726 3689 817 3762 quac
833 3664 903 3736 iuit
915 3663 1051 3736 decima
1067 3675 1164 3732 octa-
1213 3663 1351 3759 inquit,
1381 3663 1476 3736 vires
1497 3663 1669 3754 largiatur
1689 3663 1793 3732 vobis
1816 3660 2007 3732 invenicus
2030 3673 2068 3730 et
2089 3659 2208 3730 videte

169 3764 690 3862 memmei-catenum
715 3768 1019 3862 decimaquarta,
1044 3785 1164 3834 surre-
1214 3779 1256 3840 ut
1277 3779 1371 3838 recte
1393 3759 1449 3836 bis
1466 3764 1630 3838 utamini.
1681 3759 1817 3836 Eadem
1841 3763 1902 3834 die
1921 3776 1959 3834 et
1980 3781 2023 3832 ex
2040 3759 2208 3852 neptibus

175 3867 231 3944 xit
249 3863 331 3944 bora
351 3885 480 3968 quarta
502 3887 537 3944 et
550 3873 594 3942 'ad
610 3871 781 3944 lectulum
797 3867 836 3938 in
851 3889 996 3940 mosaco
1010 3855 1163 3938 alterurd
1213 3867 1362 3938 filiolam
1384 3881 1472 3940 oatu
1488 3867 1678 3938 maximam
1694 3866 1814 3957 perreri
1830 3863 1978 3936 Peucerl
1993 3876 2077 3934 eote
2094 3861 2208 3932 le'c'cu·

174 3973 356 4058 dembitos
370 3973 496 4046 diurni
510 3975 684 4076 deductus
700 3986 765 4058 est,
791 3971 842 4042 ibi
859 3993 939 4042 com
955 3991 1071 4062 neque
1084 3965 1165 4036 ani·
1214 3971 1291 4042 lum
1311 3969 1559 4042 obversantem
1581 3969 1632 4041 sie
1648 3965 1859 4061 compellat,
1889 3979 1929 4038 ut
1939 3965 2026 4060 iqui
2037 3987 2125 4036 esus·
2139 3985 2208 4053 pe·

173 4097 233 4146 roo
254 4075 389 4150 deiecto
410 4076 592 4148 videretur
606 4089 641 4148 et
657 4073 819 4146 sensibus
834 4085 995 4144 uteretur
1010 4069 1163 4160 integer-
1214 4085 1385 4146 murum
1400 4071 1586 4144 salutaret:
1611 4067 1689 4162 Epo
1704 4069 1812 4142 dileai
1826 4085 1863 4142 te
1877 4067 2008 4164 inquit,
2032 4065 2210 4152 meefllis,

174 4177 290 4267 rimis,
315 4177 450 4250 virium
472 4189 593 4248 umen
609 4176 836 4248 imbecillitas
850 4175 1043 4246 admodum
1058 4193 1164 4261 auge·
1214 4173 1296 4246 vide
1313 4187 1355 4245 ut
1369 4175 1463 4245 colas
1480 4189 1644 4268 parentes
1658 4188 1740 4244 tuos
1753 4185 1789 4254 et
1803 4172 1984 4262 morigera
1994 4170 2047 4240 eis
2059 4169 2159 4240 rivas
2173 4181 2210 4242 et

174 4281 299 4358 scebat.
330 4278 412 4352 Hac
424 4279 535 4371 igitur
549 4279 595 4351 de
609 4303 712 4350 carrea
726 4279 878 4352 lectulus
889 4277 951 4348 ille
966 4276 1006 4346 in
1021 4295 1164 4344 musaeo
1214 4277 1340 4348 timeas
1353 4272 1490 4362 Deum,
1515 4276 1547 4346 is
1567 4290 1602 4347 te
1622 4295 1698 4347 non
1716 4275 1865 4348 demet
1917 4271 2209 4357 Horreum-utta

174 4376 609 4477 aparieteremoveodus
630 4391 704 4452 erat
727 4381 830 4452 etita
854 4379 1098 4462 collocandus,
1123 4388 1165 4446 ut
1215 4390 1358 4450 tueatur
1384 4391 1420 4449 et
1444 4378 1632 4450 benedicat
1654 4377 1732 4450 tibi.
1799 4373 1964 4448 Caeteros
1986 4375 2100 4446 etiam.
2118 4383 2208 4442 natu

171 4487 369 4582 rurisquea
387 4485 549 4578 partibus
564 4505 720 4558 accessos
735 4485 781 4554 ad
798 4488 1041 4574 competeret,
1067 4477 1164 4572 quod
1214 4479 1372 4552 minores
1396 4479 1609 4552 familiarius
1631 4475 1949 4573 complectebatur,
1974 4476 2207 4546 iilire'autero

168 4603 290 4662 tanen
308 4587 575 4659 incommodior
598 4585 660 4656 ille
685 4586 883 4666 videretur,
915 4603 1062 4674 prorsus
1087 4593 1163 4650 turn
1215 4583 1486 4654 commendabat
1513 4583 1702 4668 maritum,
1739 4579 1931 4676 omniaque
1962 4578 2011 4650 ita
2028 4576 2152 4647 dicere
2169 4587 2209 4646 et

169 4705 329 4764 reosoms
350 4689 440 4776 ioit,
465 4703 501 4762 et
524 4689 699 4782 repositos
714 4689 807 4760 alius
822 4688 868 4756 de
883 4707 1012 4776 genere
1028 4705 1164 4762 eorum,
1213 4685 1328 4758 iacere
1335 4735 1352 4774 ,
1377 4697 1418 4756 ot
1438 4683 1500 4780 qui
1521 4707 1562 4756 ex
1577 4679 1644 4755 bac
1659 4685 1732 4756 vita
1748 4681 1983 4773 migraturum
1999 4702 2035 4749 se
2049 4675 2208 4772 sentiret,

170 4791 392 4888 quiviatorii
407 4816 427 4863 a
440 4793 572 4864 nostris
587 4786 794 4862 bominibus
808 4787 1045 4881 appellantur,
1067 4784 1173 4879 quod·
1215 4784 1455 4858 Mittebentur
1476 4787 1597 4858 eadem
1620 4785 1679 4858 die
1701 4787 1887 4856 litemead
1903 4777 2123 4854 loadhimum
2136 4775 2209 4850 Gau

170 4895 213 4966 in
236 4895 428 4968 itineribus
450 4893 751 4966 taliumosussit.
802 4887 845 4960 ln
863 4885 1054 4960 bonerum
1074 4897 1164 4956 esset
1215 4889 1406 4959 mererium
1422 4887 1590 4981 Lipsiem,
1616 4883 2048 4984 quibusscribebatarei,
2073 4876 2208 4952 ciphi-⁴

171 4997 385 5080 collocatus,
420 4991 481 5068 iric
500 4996 618 5091 inquit
641 4995 819 5071 viatorius·
836 4991 986 5062 lectulus
1006 4990 1164 5081 appella·
1215 4991 1352 5083 lippum
1365 4988 1637 5062 Meluntbonem
1660 4993 1780 5060 eivrrm
1802 4987 1927 5080 videre
1944 4987 2075 5071 ¹velled,
2093 4998 2208 5056 utrc-

169 5114 249 5183 tur,
273 5101 364 5196 qnid
381 5099 410 5170 si
427 5099 465 5168 iu
481 5093 551 5170 boe
563 5099 725 5190 migrem.
767 5093 911 5168 'Urinac
925 5107 1007 5164 ente
1020 5093 1165 5162 inererat
1215 5092 1417 5164 versionem
1441 5096 1485 5164 ad
1510 5117 1577 5163 nus
1600 5090 1825 5172 acceleraret,
1846 5090 1914 5159 eui
1929 5086 2138 5160 tabellarios
2151 5109 2210 5180 sep

168 5203 355 5289 turbidae,
392 5215 436 5272 ot
457 5201 631 5288 diximus,
662 5212 697 5270 et
721 5197 809 5272 tales
831 5211 873 5269 ut
893 5197 1007 5267 uisia
1028 5193 1165 5266 calculo
1215 5195 1293 5265 rius
1314 5213 1472 5284 egressus
1497 5213 1604 5289 quam
1627 5189 1838 5285 promiserat
1857 5189 1980 5262 literas
1998 5191 2084 5260 illes
2102 5186 2207 5259 tertia

168 5343 399 5376 ...ά-...-
600 5354 604 5366 .
1215 5297 1372 5390 primum
1405 5299 1465 5368 die
1495 5310 1575 5388 post
1603 5297 1779 5379 reddidit,
1812 5295 1875 5390 qai
1904 5289 2027 5368 turasii
2048 5290 2154 5360 etiam
2175 5287 2210 5356 si

198 5433 248 5505 ss)
263 5431 311 5490 se.
328 5433 367 5488 ι.ι
392 5447 427 5486 s·
442 5427 657 5484 Μυκη·
716 5454 719 5467 ·
864 5457 868 5469 .
1215 5399 1324 5470 iidem
1340 5400 1587 5492 priestitisset,
1619 5397 1678 5470 vix
1704 5395 1876 5494 potuisset
1901 5391 2102 5469 lcaeicirooa
2123 5399 2208 5461 aute
