4884 5950
121 212 198 286 ces
722 212 1156 311 ouansrtouns
1192 181 1600 296 acannnman.
2028 213 2030 220 ·
2089 219 2164 294 ast

124 389 187 458 liat
213 387 398 484 deinceps,
442 403 477 462 et
502 405 623 462 nostra
659 415 766 484 opera
793 391 930 463 utiliter
955 393 1125 462 inserviat
1173 389 1438 481 nisssldefinitam
1472 393 1693 462 sententiam.
1753 389 1812 462 Sic
1834 393 1928 462 enim
1954 392 2171 466 Viennensis

124 487 305 561 Ecclesiae
327 507 363 564 et
388 493 522 583 gloriae
543 493 607 562 filii
631 493 717 581 Dei,
748 508 782 566 et
808 507 867 564 tua
884 508 1045 566 senectus
1061 519 1124 564 ac·
1174 494 1235 562 ille
1253 518 1413 586 expresse
1429 495 1597 588 loquitur.
1704 550 1707 556 .

125 593 307 686 quiescere
330 597 441 688 possit
464 596 503 664 in
527 598 677 684 nostris,
711 611 744 668 et
763 597 921 670 familiae
943 611 1024 668 tuae
1040 598 1121 666 uni·
1277 595 1471 666 Doleamus
1502 598 1632 667 talibus
1660 593 1891 689 blasphemiis
1927 599 2047 687 augeri
2078 600 2169 669 iram

124 719 247 766 versae
263 712 298 770 et
312 699 508 768 amicorum
525 711 669 770 tuorum
683 699 930 770 constantibus
945 700 1072 768 studiis
1090 711 1123 768 et
1173 695 1263 782 Dei,
1284 713 1322 769 et
1344 703 1571 769 ostendamus
1595 723 1652 768 eas
1674 701 1779 770 nobis
1800 702 2006 793 displicere,
2032 725 2072 770 ac
2089 725 2170 794 pre-

124 799 251 868 olliciis
260 800 463 870 domesticis
478 815 511 872 ει
524 801 697 888 externis,
716 815 972 872 oroaeternum
981 801 1122 871 Patrem
1175 823 1295 869 cemur
1310 798 1445 884 Deum,
1468 815 1510 870 ut
1523 825 1655 892 poenas
1670 826 1688 870 a
1709 804 1814 872 nobis
1829 819 1975 875 avertat.

122 895 276 970 Domini
291 903 405 974 nostri
417 897 646 978 lesuChristi.
698 901 863 974 Eundem
878 929 941 974 oro
957 919 996 974 ut
1012 919 1046 974 te
1059 904 1121 972 diu
1168 927 1174 940 ·
1277 901 1374 990 Quid
1397 903 1491 970 enim
1509 905 1606 972 aliud
1630 919 1737 994 agunt
1754 906 1837 975 isti?
1871 931 1977 999 quam
1999 917 2040 973 ut
2055 903 2171 974 deleta

121 998 304 1074 Ecclesiae
326 1027 410 1075 suae
432 1019 466 1075 et
489 1006 594 1076 nobis
620 1006 797 1077 universis
825 1020 1025 1092 conservet,
1060 1007 1122 1099 qui
1174 1029 1259 1073 voce
1275 1007 1396 1073 divina
1422 1008 1635 1074 concedatur
1649 1009 1873 1096 potentibus,
1898 1024 1938 1080 ut
1957 1009 1996 1076 in
2011 1001 2170 1074 Ecclesia

122 1127 218 1174 unus
243 1101 308 1174 hac
326 1120 438 1179 aetate
460 1122 495 1179 et
516 1103 574 1177 his
599 1108 737 1179 viribus
756 1104 901 1178 cohibes
926 1109 1123 1179 multorum
1174 1107 1348 1176 collocent
1365 1106 1483 1190 Idola,
1510 1121 1544 1176 et
1560 1109 1696 1196 lingant
1717 1112 1880 1198 dogmata
1897 1112 2056 1188 utlibet,
2079 1107 2169 1177 sicut

122 1205 408 1299 improbitatem,
434 1235 587 1302 qnorum
611 1211 640 1278 si
658 1213 720 1306 qui
742 1223 826 1281 sunt
840 1211 1123 1303 impotentiores,
1173 1211 1333 1278 lecerunt
1363 1205 1687 1294 Nabochdonosor,
1723 1209 1943 1297 Antiochus,
1976 1204 2169 1281 Mahome-

121 1332 247 1379 eorum
262 1311 366 1381 furor
380 1335 570 1402 erumpens
584 1327 617 1384 et
632 1314 706 1406 ipse
721 1335 795 1384 sese
809 1313 987 1398 retundit,
1012 1328 1045 1382 et
1058 1336 1123 1403 per
1173 1323 1230 1379 tus
1245 1324 1278 1380 et
1294 1312 1365 1383 alii.
1426 1311 1486 1382 Sic
1503 1315 1701 1382 defendunt
1723 1308 1791 1382 hoc
1810 1328 1967 1408 tempore
1981 1311 2169 1384 Pontificia

121 1425 158 1482 te
174 1413 218 1482 ab
235 1407 396 1486 Ecclesia
411 1411 564 1496 Christi,
578 1416 621 1484 si
646 1417 719 1486 vita
742 1415 994 1508 suppeditarit,
1019 1415 1121 1483 facile
1174 1409 1273 1482 ldola
1291 1413 1463 1504 plurima,
1490 1415 1571 1506 quia
1588 1416 1812 1487 autoritatem
1831 1416 2052 1488 pontificiam
2068 1426 2170 1483 ante-

120 1513 385 1606 profligabitur.
436 1505 590 1612 Reliqua
601 1519 766 1610 precibus
782 1517 852 1590 tuis
864 1515 1121 1588 ardentissimis
1172 1515 1293 1586 ferunt
1310 1517 1480 1606 expressis
1495 1515 1563 1585 Dei
1580 1519 1769 1589 mandatis.

120 1618 269 1686 anobis
292 1633 475 1701 arcentur,
509 1644 599 1714 quae
621 1645 686 1713 pro
708 1615 888 1705 Ecclesia,
920 1617 1121 1710 Republica
1276 1616 1420 1706 Quaero
1438 1618 1560 1708 igitur:
1588 1615 1648 1686 Aa
1664 1615 2169 1690 normaiudiciisitverbum

121 1731 156 1790 et
181 1720 320 1812 privata
346 1721 457 1792 salute
484 1735 604 1792 nostra
636 1723 821 1795 excubant.
899 1718 1120 1792 Commendo
1171 1714 1268 1804 Dei,
1297 1743 1348 1788 an
1374 1744 1454 1789 vero
1475 1714 1696 1814 Pontificum
1720 1721 1933 1792 autoritas?
1982 1721 2122 1792 Deinde
2136 1735 2170 1790 et

121 1836 239 1892 autem
266 1837 300 1892 et
322 1835 420 1893 tuam
446 1837 480 1894 et
502 1825 664 1894 omnium
688 1815 850 1895 nostrtim
875 1824 1022 1894 salutem
1046 1823 1120 1891 lilio
1173 1823 1216 1892 de
1233 1823 1406 1917 Synodisr
1443 1817 1659 1894 Valeantne
1685 1847 1810 1894 earum
1836 1823 2201 1896 contentiosarum.

122 1921 192 1994 Dei
213 1925 373 1996 Domino
399 1941 522 1998 nostro
548 1925 628 1996 lesu
649 1922 814 2012 Christo,
841 1926 979 1996 custodi
995 1921 1120 1994 Eccle-
1173 1925 1282 1992 ritate
1295 1919 1420 2017 Regia
1438 1945 1501 1994 seu
1514 1924 1729 2018 praetoria?

121 2027 196 2096 siae
215 2051 316 2113 suae,
348 2029 411 2121 qni
434 2053 471 2099 se
494 2043 589 2099 certo
615 2029 809 2100 affuturum
826 2030 932 2097 nobis
948 2040 983 2097 et
997 2027 1122 2096 defen·
1274 2023 1750 2119 Acprimumargumentor,
1766 2027 1936 2100 Normam
1952 2031 2168 2100 iudiciorum

121 2153 246 2199 surum
272 2153 338 2200 nos
361 2131 527 2221 promisit
545 2135 712 2201 adversus
735 2133 891 2215 furores,
924 2129 1122 2198 insidiaset
1172 2143 1336 2220 oportere
1359 2151 1431 2199 esse
1459 2131 1587 2221 scripta
1613 2126 1825 2222 Prophetica
1852 2144 1886 2203 et
1912 2129 2115 2222 Apostolica
2133 2147 2170 2202 et

121 2229 369 2325 Tyrannidem
395 2231 559 2315 Diaboli,
592 2233 682 2304 sicut
705 2234 813 2304 dixit:
846 2229 919 2302 Ero
937 2232 1120 2301 vobiscum
1172 2230 1360 2326 Symbola,
1404 2232 1488 2324 quia
1524 2255 1683 2322 expresse
1709 2236 1881 2324 scripturn
1908 2233 1979 2304 estc
2024 2233 2063 2304 si
2090 2233 2171 2328 quis

65 2352 70 2358 ·
120 2338 300 2428 usquead
324 2333 666 2406 consummationem
690 2337 810 2406 seculi.
870 2333 975 2405 ltcm:
1008 2333 1120 2404 Nemo
1172 2335 1271 2404 aliud
1305 2330 1540 2423 Evangelium
1574 2335 1848 2426 praedicaverit,
1889 2331 2076 2408 anathema
2111 2337 2170 2406 sit.

119 2436 236 2529 rapiet
253 2459 338 2508 oves
351 2459 502 2508 meas'ex
517 2439 684 2508 manibus
698 2439 800 2508 meis.
852 2434 947 2507 Dixi.
1171 2437 1277 2506 ltem:
1319 2433 1359 2506 Si
1386 2437 1465 2528 quis
1495 2461 1569 2506 non
1593 2450 1713 2507 manet
1744 2437 1783 2505 in
1817 2439 1978 2510 doctrina
2011 2425 2174 2524 Christi,-

294 2564 297 2574 ·
1170 2535 1286 2608 Deum
1307 2533 1521 2610 non‘habet.

1272 2639 1474 2733 Loquimur
1494 2655 1613 2712 autem
1641 2643 1685 2712 de
1709 2643 1839 2734 scripto
1862 2645 1939 2712 sine
1965 2639 2169 2734 Sophistica

120 2775 192 2851 No·
212 2775 274 2852 75·
927 2807 977 2848 an.
1000 2781 1094 2847 1560·
1172 2743 1373 2827 intellecto,
1405 2767 1445 2811 ac
1468 2745 1626 2814 nativam
1651 2745 1860 2816 sententiam
1887 2747 2035 2816 retineri
2065 2746 2170 2822 volu-

125 2873 265 2900 εον-υ
900 2873 1114 2908 Μ
1171 2869 1269 2930 mus,
1295 2869 1369 2914 non
1384 2846 1505 2936 affingi
1522 2847 1724 2917 barbaricas
1746 2861 1808 2918 aut
1822 2844 2041 2939 Sophisticas
2056 2848 2170 2918 inter-

193 2977 226 3031 ιιι
243 2975 372 3032 oration.
387 2975 419 3032 Τ.
434 2975 470 3036 v,
482 2996 510 3048 p.
524 2978 576 3032 εει
591 2997 634 3050 aq.
663 2977 791 3035 metare.
807 2975 841 3032 Τ.
859 2975 906 3032 ιιι.
929 2993 957 3049 p.
971 2974 1032 3030 stt.
1051 2984 1077 3028 et
1091 2974 1119 3027 in
1170 2948 1385 3040 precationes
1408 2962 1605 3039 pugnantes
1630 2973 1709 3018 cum
1728 2949 1923 3040 perspicuis
1942 2949 2170 3032 testimoniis,

227 3045 411 3101 Orationibus
424 3047 574 3118 postremis
591 3067 619 3120 e·
633 3049 695 3104 2⁴2·
1171 3075 1261 3146 quae
1273 3063 1391 3120 extant
1409 3051 1446 3118 in
1464 3052 1603 3142 scriptis
1619 3045 1841 3143 Propheticis
1856 3066 1891 3123 et
1905 3049 2132 3145 Apostolicis.
2185 3093 2188 3097 ·

1271 3150 1363 3222 Nam
1388 3153 1642 3244 Anabaptistae
1665 3167 1700 3224 et
1728 3153 1877 3236 similes,
1911 3181 1986 3226 non
2012 3155 2170 3226 retinent
2239 3173 2245 3184 ‘

1170 3256 1321 3348 scripta,
1348 3255 1485 3324 etiamsi
1501 3257 1608 3326 verba
1625 3256 1843 3326 calumniose
1865 3261 1908 3328 ad
1927 3281 2006 3328 suas
2024 3271 2169 3349 porten-

1157 3357 1752 3448 -tosasopinionesaccommodant;
1772 3383 1854 3428 nam
1862 3356 2083 3432 haecverba:
2098 3354 2168 3428 Da

122 3447 240 3534 Scitis
254 3483 321 3530 nos
333 3483 409 3532 non
424 3460 551 3531 fiducia
567 3461 703 3552 ingenii
719 3476 781 3533 ant
794 3462 1025 3547 eruditionis,
1051 3456 1121 3534 huc
1169 3455 1275 3528 omni
1296 3457 1451 3554 petenti,
1486 3483 1561 3528 non
1580 3473 1745 3530 evertunt
1766 3458 2030 3534 distinctionem
2048 3463 2169 3532 domi-

121 3563 375 3634 addicendum
399 3563 562 3654 prodire,
586 3565 645 3632 sed
668 3564 784 3654 legum
801 3565 1004 3644 autoritati,
1030 3588 1121 3658 qna·
1169 3563 1332 3644 nimum,
1373 3585 1463 3654 quae
1497 3562 1586 3630 alibi
1620 3561 1816 3652 perspicuis
1855 3567 1973 3634 verbis
2008 3589 2168 3656 expresse

120 3691 201 3736 rum
228 3661 399 3734 honestae
420 3679 453 3736 et
476 3665 679 3762 probabiles
703 3689 828 3735 causae
852 3680 954 3751 sunt,
981 3669 1120 3736 obtem·
1170 3664 1399 3756 comprobata
1433 3676 1496 3736 est.
1565 3661 1742 3731 Volumus
1777 3663 1886 3752 igitur
1919 3667 2084 3736 accedere
2119 3667 2164 3734 ad

118 3791 262 3861 perere,
296 3791 367 3862 qua
390 3767 487 3836 inre
509 3767 617 3836 oflicii
639 3767 717 3836 laus
740 3782 810 3847 est,
845 3792 936 3862 quae
951 3768 1028 3837 sine
1044 3769 1119 3838 ulla
1169 3765 1376 3850 lectionem,
1414 3765 1659 3836 dexteritatem
1693 3765 1733 3832 in
1760 3769 1985 3839 conterendis
2019 3768 2106 3838 locis
2132 3781 2168 3839 et

119 3870 346 3942 dubitatione
373 3868 489 3940 maior
518 3882 569 3940 εει
593 3869 632 3938 ἱιι
655 3869 878 3955 iunioribus,
911 3893 1016 3964 quam
1041 3871 1119 3940 laus
1169 3870 1298 3940 ordine
1321 3868 1591 3938 distribuendis.
1897 3881 1903 3894 '

119 3973 326 4066 sapientiae.
671 4026 672 4030 ,
1166 3983 1167 3986 ’
1270 3969 1340 4042 Sed
1357 3969 1576 4040 contrarium
1594 3985 1842 4062 argumentum
1861 3983 2053 4066 opponunt
2065 3968 2192 4043 Pon·-

222 4073 314 4146 Cum
334 4072 444 4164 igitur
467 4073 559 4145 insta
587 4071 634 4145 sit
656 4073 798 4144 dicendi
822 4097 943 4159 cansa,
976 4087 1057 4166 peto
1079 4086 1119 4145 ut
1169 4073 1279 4144 cilicii.

120 4177 320 4249 orationem
336 4199 452 4246 meam
468 4175 558 4246 boni
574 4175 784 4260 consulatis,
810 4175 1017 4268 praesertim
1038 4199 1118 4246 cum
1271 4172 1314 4244 ln
1339 4174 1497 4268 qualibet
1522 4177 1779 4266 gubernatione
1803 4189 1944 4270 oportet
1965 4178 2082 4247 vivam
2103 4201 2167 4246 vo-

119 4281 341 4374 perlectums
356 4277 444 4359 sim,
464 4303 513 4348 ne
527 4279 713 4372 prolixitas
730 4280 832 4348 vobis
848 4280 994 4350 molesta
1011 4279 1067 4352 sit.
1168 4301 1243 4348 cem
1276 4277 1406 4347 iudicis
1440 4271 1571 4349 habere
1603 4303 1777 4348 summam
1800 4282 2043 4364 autoritatem,
2081 4279 2166 4362 qnia

224 4381 321 4471 Quia
341 4381 426 4450 vero
450 4403 547 4450 nunc
572 4380 612 4448 in
628 4375 805 4451 Oratione
827 4377 961 4450 Decani
982 4381 1117 4450 dictum
1168 4401 1306 4470 semper
1328 4393 1411 4450 nata
1430 4380 1504 4467 lege
1522 4381 1744 4452 desideratur
1766 4379 2022 4474 interpretatio.
2077 4378 2165 4450 Plu·
2213 4453 2216 4458 ,

119 4499 191 4571 εει,
221 4481 418 4554 Ecclesiam
441 4481 480 4551 in
497 4483 601 4552 terris
615 4483 793 4553 visibilem
813 4505 886 4553 esse
903 4497 938 4554 et
955 4495 1118 4574 oportere
1166 4483 1298 4552 rimum
1327 4495 1379 4551 est
1409 4482 1602 4552 dubiorum
1639 4485 1676 4553 in
1707 4484 1846 4576 scriptis
1878 4477 2099 4575 Propheticis
2131 4495 2166 4552 ει

118 4589 159 4658 in
176 4611 215 4657 ea
233 4587 367 4658 ludicia
386 4609 481 4664 esse,
509 4585 691 4676 proximae
718 4585 944 4680 quaestiones
969 4598 1053 4655 sunt
1073 4585 1118 4653 de
1168 4579 1395 4677 Apostolicis.
1794 4653 1797 4660 ,

117 4713 247 4762 norma
268 4688 411 4773 iudicii,
445 4701 481 4758 et
501 4711 610 4780 quare
633 4688 775 4758 valeant
796 4685 959 4758 ludicum
975 4700 1119 4757 senten·
1267 4683 1363 4776 Ergo
1392 4688 1587 4757 necessarie
1611 4701 1664 4759 est
1690 4688 1768 4756 viva
1792 4711 1860 4757 vox
1881 4687 2029 4771 iudicis,
2059 4699 2095 4756 et
2123 4702 2165 4758 ut

116 4795 207 4874 tiae,
227 4789 440 4861 Anvaleant
453 4802 494 4860 ut
509 4789 548 4857 in
562 4783 758 4880 prophanis
772 4789 916 4860 iudiciis
929 4790 1117 4860 autoritate
1166 4789 1339 4860 finiantur
1363 4790 1644 4874 controversiae,
1682 4813 1822 4860 necesse
1849 4803 1900 4860 est
1926 4785 2019 4860 hanc
2046 4791 2163 4860 valere

114 4893 229 4987 Regia
256 4917 318 4963 scu
344 4891 544 4985 praetoria?
634 4905 636 4910 “
1166 4892 1354 4962 autoritate
1368 4887 1479 4980 Regia
1492 4915 1557 4960 seu
1574 4891 1761 4982 praetoria.

217 4995 272 5066 De
294 4991 351 5064 his
379 4993 646 5088 quaestionibus
663 5017 704 5064 eo
729 5017 826 5064 nunc
845 4994 1034 5063 dicendum
1053 5005 1116 5078 est,
1267 4991 1365 5062 Haec
1393 4993 1632 5084 plausibiliter
1663 4994 1832 5063 dicuntur
1861 4996 1953 5086 apud
1983 4991 2098 5084 Reges
2128 5005 2163 5062 et

117 5099 202 5194 quia
219 5119 342 5168 recens
360 5095 518 5168 Viennae
533 5091 702 5165 Esauita
717 5097 977 5188 propositiones
992 5095 1115 5180 edidit,
1164 5092 1369 5187 Principes,
1403 5096 1463 5164 sed
1484 5085 1658 5188 quatenus
1681 5095 1866 5184 probanda
1883 5097 1974 5182 sint,
2000 5093 2163 5166 conside-
2212 5089 2214 5102 '

116 5205 156 5272 in
172 5202 304 5296 quibus
319 5223 479 5292 expresse
496 5195 583 5269 haee
598 5199 808 5272 asseveratio
823 5199 952 5290 scripta
969 5211 1037 5269 est:
1164 5200 1316 5268 randum
1332 5211 1392 5267 est.
1444 5199 1529 5268 Ideo
1547 5192 1639 5266 hauc
1655 5197 1896 5285 gravissimam
1918 5198 2162 5294 quaestionem

219 5301 383 5396 Ineptum
398 5317 432 5374 et
446 5303 638 5372 ridiculum
656 5325 745 5382 esse,
771 5313 890 5393 petere
906 5325 925 5370 a
941 5302 1113 5392 scriptura
1164 5301 1283 5368 defero
1307 5303 1351 5368 ad
1376 5299 1610 5368 reverendum
1637 5299 1755 5366 virum
1781 5297 1962 5374 Pastorem
1986 5297 2164 5368 Ecclesiae

116 5421 287 5502 tanquam
312 5429 477 5498 supremo
501 5404 617 5476 indice
633 5403 953 5479 controversiarum
971 5403 1114 5492 religio-
1163 5400 1503 5472 nostraeDoctorem
1514 5393 1679 5472 Paulum
1690 5397 1875 5490 Eberum,
1898 5425 2001 5496 quem
2019 5413 2165 5494 propter

176 3212 350 3294 Quaestio
380 3214 575 3303 proposita
608 3233 634 3281 α
665 3213 771 3306 Mag.
803 3213 1068 3280 Francisco

489 3311 754 3406 naphaete.
