4888 5962
183 173 188 186 ’
295 199 376 279 rea
886 179 1306 282 onansrronns
1338 174 1743 267 acaunus-can.
2248 195 2327 274 aar

301 371 474 500 Q
810 397 814 406 ³
1056 362 1290 449 &engistus
1334 354 1436 528 ripas
1457 361 1800 484 erertqntimperia.
1851 359 1901 438 Ut
1921 387 2005 486 cum
2024 363 2177 440 inissem
2190 367 2332 444 boniet

365 586 397 640 to
416 581 581 652 Quaestiou.
625 576 690 638 .69.
710 575 787 636 etin
805 573 862 632 Set.
878 573 1005 658 Pedem.
1025 571 1060 627 Τ.
1078 572 1128 628 lll.
1141 569 1242 646 past.
1257 582 1290 628 ct·
1334 465 2207 664 ξῗΰῗῖῃιξὶιξζῗιξιεξῖιὲἓρῗχκεῃιὲ,Ρὲᾞῇ’[31ᾞί
2215 469 2331 646 lulli}

397 643 831 708 T0m01¹¹·E⁰rd·s⁰¹·F·V·
865 644 945 702 Μ·
958 641 994 700 ¹¹·
1013 659 1044 715 P·
1057 640 1118 697 ⁸⁵⁷·
1333 662 1450 734 filium
1503 665 1558 736 iae
1581 669 1744 740 mulieris
1764 667 1908 742 Hester·
1948 673 2080 744 deinde
2129 697 2210 746 tram
2235 689 2329 748 tetra

1333 690 1502 857 portentll
1520 781 1638 842 secuta
1658 771 1766 842 sunt?
1816 725 2029 844 Artaxerxes
2046 699 2158 846 Nolhi
2185 777 2284 849 filim
2306 802 2334 849 a

1331 866 1442 938 fratre
1470 863 1656 962 Aspasiam
1697 875 1934 946 concubinam
1970 877 2136 962 abduxit,
2176 902 2328 974 eamque

1332 983 1452 1059 postea
1473 969 1548 1042 filio
1571 973 1703 1064 petenti
1720 976 1835 1048 dedite
1862 977 1993 1047 deinde
2010 1003 2090 1048 cum
2107 979 2333 1052 desiderium·

295 833 475 920 Quaestio
491 825 539 900 de
556 827 637 900 loeo
653 825 840 914 Plutonis,
864 817 913 894 de
926 815 1094 914 periodis
1106 821 1284 912 iuspecto·

293 957 398 1024 stsm,
424 935 533 1004 cuius
554 927 601 1028 fit
621 932 763 1002 mentio
781 924 841 999 lib.
858 927 960 998 Vnt.
976 925 1077 994 Plot.
1098 919 1146 994 de
1158 923 1282 1016 Repet-

293 1036 389 1110 blt'ca
405 1043 443 1107 el
457 1039 499 1106 ²⁶⁷2
513 1031 575 1106 tit.
589 1035 632 1106 V·
649 1031 795 1103 Milic·
809 1027 1044 1114 Ari⁸l⁰t²li⁸t
1070 1030 1237 1098 'ecum
1257 1047 1282 1096 α
1333 1071 1409 1140 eius
1429 1073 1521 1144 ferre
1543 1097 1617 1144 non
1642 1090 1771 1167 posset,
1805 1091 1959 1170 ereptam
1981 1080 2056 1149 filio
2079 1105 2202 1154 rursus
2220 1085 2265 1154 ad
2287 1107 2328 1155 se

374 1139 479 1236 Mag.
500 1131 715 1210 Matthia
735 1135 870 1228 &⁰3⁸⁰
890 1132 1198 1228 Bellimmam’
1333 1173 1507 1260 traduxit,
1532 1190 1805 1273 propterquam
1827 1204 1973 1250 causam·
1988 1195 2021 1251 et
2042 1182 2137 1253 lilius
2158 1186 2250 1274 patri
2265 1185 2325 1255 in-

647 1231 683 1308 3·
699 1235 794 1332 ‘¹¹⁴9-
811 1227 922 1308 ¹546·
1332 1275 1439 1346 sidias
1467 1279 1610 1349 struxit:
1640 1279 1680 1348 in
1712 1291 1783 1373 quo
1807 1283 1935 1352 scelere
1955 1279 2195 1376 deprehensus
2218 1289 2330 1372 filius,

290 1375 390 1464 Cum
407 1401 508 1458 vetus
523 1399 558 1456 et
571 1381 817 1456 honestissima
833 1381 1052 1452 consuetudo
1068 1373 1279 1450 Scholarum
1331 1377 1536 1448 interiectus
1553 1393 1616 1454 est.
1666 1379 1715 1451 Hi
1732 1405 1847 1454 mores
1864 1408 1939 1454 non
1954 1385 2017 1456 diu
2033 1387 2187 1458 retinent
2204 1413 2327 1480 regua.

291 1491 392 1561 vobis
409 1504 494 1560 nota
509 1489 586 1573 sit,'
598 1511 681 1572 oro,
708 1510 753 1555 ue
767 1509 846 1554 meo
861 1482 1012 1554 consilio
1026 1503 1102 1562 me,
1128 1481 1280 1552 oblitum
1331 1477 1435 1550 Stant
1453 1479 1561 1570 igitur
1581 1482 1837 1578 aliquantisper
1854 1485 2021 1578 imperia,
2046 1491 2158 1560 donec
2172 1487 2242 1562 Dei
2258 1493 2325 1562 be-

289 1592 461 1664 netatiset
476 1588 615 1674 decori,
641 1587 829 1680 sumpsisse
845 1581 933 1654 mihi
950 1579 1013 1654 has
1028 1595 1147 1674 partes
1160 1582 1280 1652 existi.
1331 1581 1455 1650 nelicio
1485 1583 1617 1654 dantur
1646 1587 1901 1673 gubernatores
1930 1589 2062 1660 virtute
2092 1605 2321 1681 praestantes.

287 1694 405 1764 metis:
434 1693 494 1761 sed
517 1691 714 1767 necessitati
736 1689 856 1780 potius
879 1699 914 1757 et
931 1696 1196 1778 praeceptorum
1215 1710 1280 1754 vo-
1329 1678 1470 1753 Deinde
1485 1686 1645 1777 sequitur
1660 1687 1843 1775 interitus,
1869 1690 1952 1782 quia
1967 1693 2100 1782 posteri
2114 1717 2177 1764 scu
2194 1709 2318 1766 natura

264 1795 415 1866 'luntati
432 1795 701 1885 obtemperasse.
754 1787 802 1860 Et
816 1801 1021 1882 quanquam
1036 1786 1076 1854 in
1091 1786 1280 1856 audiendis
1330 1807 1391 1854 seu
1412 1784 1621 1877 disciplinae
1638 1789 1857 1879 neglectione
1873 1804 1958 1862 sunt
1972 1793 2178 1869 deteriores.
2229 1793 2317 1868 For·

286 1897 496 1982 iuvenibus,
521 1909 563 1965 ut
575 1893 764 1976 ‚crescendi
782 1890 882 1982 copia
898 1890 963 1974 sit,
988 1888 1203 1980 aequitatem
1218 1913 1278 1958 ex·
1329 1886 1428 1956 tussis
1450 1899 1485 1956 et
1503 1889 1624 1960 stellae
1644 1905 1825 1966 maturant
1839 1894 1993 1979 excidia,
2016 1909 2057 1966 ut
2071 1919 2168 1966 nunc
2182 1898 2320 1983 dicunt,

286 1999 408 2070 imiam
429 1996 626 2090 praestatis:
654 2008 773 2064 tamen
790 2005 831 2062 ut
850 2015 907 2060 me
924 1990 1097 2082 patienter
1111 1990 1278 2076 audiatis,
1328 2002 1433 2078 caput
1448 1986 1619 2062 Medusae
1637 1993 1721 2062 orbi
1736 1991 1873 2066 Romae
1897 1996 2130 2068 mutationem
2146 1999 2320 2076 minitari.

285 2123 471 2192 meamque
500 2097 700 2168 orationem
728 2094 817 2165 boni
838 2092 1048 2172 consulatis,
1082 2114 1148 2161 nos
1169 2092 1276 2162 etiarn
1327 2087 1396 2159 Sed
1421 2115 1500 2160 cum
1524 2087 1631 2163 huius
1652 2095 1878 2184 gravissimae
1899 2098 2115 2190 quaestionis
2131 2101 2319 2192 explicatio

285 2217 390 2296 atque
411 2202 516 2269 etiam
537 2223 614 2270 oro.
667 2196 808 2266 Faciam
823 2195 937 2280 euim,
963 2192 1099 2262 etiamsi
1118 2195 1276 2264 novitate
1326 2191 1484 2284 requirat
1504 2193 1609 2282 longe
1627 2197 1858 2268 eruditiorem
1876 2199 2172 2292 disputationem,
2197 2204 2318 2274 deiero

284 2301 483 2394 argumenti
506 2301 642 2392 placere
665 2321 739 2368 non
762 2310 906 2390 potero,
931 2309 973 2366 ut
994 2309 1140 2386 propter
1155 2296 1276 2365 brevi·
1327 2316 1403 2361 eam
1424 2295 1469 2362 ad
1489 2295 1732 2368 doctissimum
1757 2299 1874 2370 virum
1896 2297 2086 2374 Ductorem
2103 2291 2318 2401 Caspasum

283 2418 391 2475 tatem
412 2403 531 2472 minus
547 2404 684 2492 ingrata
701 2400 745 2470 sit
762 2398 887 2472 oratio.
937 2395 1106 2487 Legimus
1122 2395 1275 2489 Pompe-
1326 2387 1583 2488 Crucigrrum,
1616 2423 1722 2491 quem
1744 2425 1830 2484 oro,
1850 2415 1893 2472 ut
1917 2417 2091 2496 quantum
2114 2429 2214 2476 nunc
2237 2409 2317 2500 qni·

283 2506 373 2589 ium,
399 2529 479 2575 cum
494 2505 608 2574 victus
624 2503 809 2594 inpraelio
825 2496 1029 2569 Pharsalico
1044 2497 1083 2566 in
1099 2497 1274 2592 sugaMy·
1325 2497 1406 2564 dem
1427 2499 1502 2566 lieri
1522 2513 1650 2588 potest,
1676 2505 1720 2570 de
1737 2526 1778 2572 ea
1796 2503 1955 2572 disserat.
2007 2501 2086 2576 Etsi
2102 2521 2223 2578 autem
2239 2509 2317 2580 sine
2429 2571 2430 2580 ,

283 2608 417 2678 tilenen
433 2608 475 2676 ad
491 2606 678 2696 coniugem
694 2604 857 2687 venisset,
882 2601 1091 2692 fugitantem
1107 2623 1273 2688 cougres-
1324 2623 1453 2689 magno
1472 2600 1594 2670 dolore
1613 2603 1722 2694 aspici
1741 2617 1802 2674 aut
1819 2605 1966 2696 cogitari
1982 2607 2107 2678 resinae
2122 2632 2314 2700 regnorum

282 2733 341 2780 sus
364 2708 516 2793 civium,
539 2708 708 2802 aquibus
728 2702 950 2796 hospitaliter
965 2702 1201 2786 invitabatur,
1227 2703 1273 2772 ad
1324 2726 1398 2769 non
1422 2717 1588 2794 possunt:
1614 2718 1732 2774 tamen
1754 2730 1820 2777 nos
1841 2721 2023 2779 teneamus
2044 2704 2136 2780 hanc
2151 2715 2314 2783 consola-

281 2835 394 2896 unum
410 2804 594 2879 divertisse
605 2798 1100 2900 CratippumPhilosophum,·
1122 2827 1162 2874 ac
1176 2805 1270 2894 apud
1322 2803 1476 2887 tionem,
1498 2799 1692 2875 Ecclesiam
1708 2803 1775 2879 Dei
1797 2831 2000 2880 mansuram
2023 2833 2114 2896 esse,
2140 2815 2315 2904 quaeali-
2429 2847 2430 2864 ι

280 2937 360 2984 eum
373 2925 494 2982 contra
505 2910 765 3003 providentiam
776 2907 1103 2997 multadisputassc‚
1125 2907 1221 2998 quod
1233 2905 1270 2974 in
1322 2927 1392 2998 qna
1421 2905 1459 2973 iu
1489 2906 1592 2974 terris
1616 2902 1767 3000 hospitia
1794 2905 1955 2982 habebit:
1989 2935 2078 3004 quae
2104 2915 2253 3006 quidem
2276 2933 2313 2986 ut

278 3036 382 3084 causa
405 3013 570 3096 iustiore,
595 3025 636 3083 ut
654 3012 729 3103 ipse
746 3009 1000 3094 contendebat,
1026 3031 1046 3077 a
1060 3004 1135 3076 Deo
1151 3007 1271 3076 deser·
1321 3008 1394 3077 sint
1408 3007 1617 3100 tranquilla,
1641 3010 1746 3080 faciat
1760 3007 1855 3081 Deus
1870 3027 2034 3084 aeternus
2049 3011 2153 3085 Pater
2167 3017 2312 3088 Domini

244 3127 246 3140 '
279 3128 337 3185 tus
359 3129 467 3193 esset,
492 3113 544 3184 lbi
559 3111 749 3203 Cratippus
771 3125 811 3183 ut
830 3109 929 3180 illius
954 3109 1114 3179 dolorem
1129 3109 1269 3191 leniret,
1320 3109 1432 3180 nostri
1452 3106 1531 3202 lesu
1546 3103 1692 3186 Christi.
1743 3109 1839 3184 Dixi.
1871 3197 1873 3202 Ι

279 3227 403 3286 contra
424 3215 608 3302 disseruit,
636 3215 765 3283 multas
784 3234 858 3282 esse
873 3231 1011 3294 causas,
1034 3204 1269 3303 partimphy-
1612 3291 1620 3309 ⁸
1890 3255 1896 3262 .
2227 3277 2231 3286 ¹

279 3317 368 3387 sicas
392 3340 431 3385 ac
452 3317 594 3402 fatales,
625 3315 753 3408 partim
775 3313 945 3398 morales,
976 3304 1157 3382 ethanim
1181 3311 1269 3381 alias
1460 3289 1638 3375 ῙῖθῬθΜΨ
1666 3293 1711 3362 D·
1740 3293 1920 3382 Camil
1948 3295 2172 3384 ‘'Willis''-

278 3417 482 3510 propiores,
506 3417 594 3488 alias
616 3415 843 3502 remotiores,
865 3437 929 3485 cur
953 3411 1101 3504 imperia
1126 3427 1268 3483 muten·
1421 3411 1609 3505 Perspicua
1635 3429 1669 3486 et
1690 3417 1844 3488 illustria
1863 3420 2067 3491 testimonia
2084 3435 2165 3493 sunt
2184 3426 2307 3515 provi-

277 3533 347 3594 tur.
398 3514 479 3590 Etsi
499 3532 617 3590 autem
639 3515 725 3588 haec
747 3529 844 3588 tanta
860 3515 1019 3610 quaestio
1033 3515 1139 3604 longe
1153 3538 1267 3585 meam
1318 3514 1458 3586 dentiae
1474 3516 1628 3602 divinae,
1654 3531 1746 3588 certa
1761 3544 1950 3611 corporum
1968 3522 2171 3594 coelestium
2187 3527 2308 3598 etele-

276 3633 425 3692 aetatcm
455 3635 611 3714 superat:
646 3635 763 3692 tamen
786 3632 827 3688 ut
849 3619 886 3686 in
909 3616 1072 3707 regendis
1094 3615 1267 3703 moribus,
1319 3631 1519 3688 mentorum
1550 3619 1673 3704 series,
1706 3623 1792 3692 certi
1817 3623 1973 3692 siderum
1998 3637 2134 3711 motus,
2153 3650 2208 3698 nc
2230 3652 2310 3719 spe·

277 3737 309 3796 et
333 3723 372 3792 in
393 3723 559 3792 omnibus
580 3724 673 3792 vitae
695 3721 872 3805 consiliis,
898 3718 1127 3788 modestiores
1143 3717 1265 3799 simus,
1318 3719 1451 3788 cierum
1474 3721 1714 3806 conservatio,
1738 3735 1772 3793 et
1797 3725 1926 3794 mentis
1949 3719 2127 3796 humanae
2151 3721 2311 3815 notitiae,

276 3826 349 3896 dici
362 3825 498 3918 aliquid
513 3827 557 3895 de
573 3823 809 3895 mutationum
825 3820 1035 3892 causisutile
1046 3832 1109 3890 cst.
1161 3817 1264 3890 Plato
1318 3843 1408 3913 quae
1435 3835 1517 3892 sunt
1540 3821 1670 3892 artium
1694 3825 1822 3900 tontes.
1885 3824 1983 3896 Haec
2003 3828 2125 3898 omnia
2147 3854 2230 3900 cum
2253 3835 2310 3903 in·

275 3951 351 3996 rem
364 3939 498 3998 tantam
508 3927 661 3997 involvit
673 3924 951 4016 aenigmatibus,
975 3921 1160 4014 inquiens,
1182 3945 1267 3995 cau-
1318 3936 1475 4007 tuemur,
1499 3923 1602 3995 fateri
1624 3924 1802 4014 cogimur,
1824 3951 1899 3998 esse
1913 3943 2067 4000 merrtem
2084 3926 2310 4006 Archiam.

274 4051 348 4097 sam
373 4051 465 4112 esse,
490 4053 554 4100 cur
575 4042 757 4099 mutentur
779 4025 945 4118 imperia,
970 4023 1053 4116 quia
1074 4023 1266 4116 sesquiter·
1318 4024 1440 4094 tricem
1466 4026 1610 4110 muudi,
1644 4049 1733 4120 quae
1756 4029 1844 4099 velit
1866 4029 1936 4100 coli
1959 4029 2055 4101 iusta
2079 4055 2248 4104 normam
2272 4062 2311 4110 ae

274 4128 324 4200 tia
339 4129 439 4197 radix
454 4129 573 4199 iuncta
588 4129 774 4222 quinario,
799 4128 887 4197 duas
902 4125 1030 4195 efficiat
1044 4119 1264 4196 harmonias:
1317 4128 1428 4216 leges,
1454 4149 1542 4220 quas
1562 4128 1666 4198 nobis
1683 4129 1828 4204 indidit.
1878 4127 2005 4202 Postea
2021 4155 2107 4202 vero
2121 4157 2204 4206 cum
2221 4161 2311 4208 coo·
2428 4147 2429 4156 ’

273 4230 368 4302 ultra
398 4251 485 4322 quas
512 4254 593 4299 cnm
622 4244 748 4300 natura
777 4241 897 4320 postea
922 4226 1114 4298 deteriores
1136 4225 1264 4316 gignat,
1315 4229 1472 4298 lusiones
1502 4229 1753 4320 imperiorum,
1781 4231 1939 4321 gentium
1960 4233 2125 4305 interitus
2146 4249 2181 4306 et
2203 4239 2311 4310 dissi·

274 4333 520 4403 circumactam
546 4332 732 4422 periodum
757 4330 861 4398 linire
886 4329 1044 4420 imperia.
1105 4323 1184 4398 Hoc
1207 4331 1264 4399 di·
1308 4330 1476 4422 ,pationes
1499 4331 1684 4402 intuentur
1707 4326 1888 4419 homines,
1911 4335 2053 4406 attoniti
2069 4337 2310 4414 admiratione
2428 4377 2429 4380 ¹

273 4451 368 4504 ctum
396 4433 511 4503 multo
536 4434 722 4503 obscurius
742 4447 794 4502 est
810 4430 967 4526 Sibyllae
990 4430 1102 4500 loliis:
1128 4429 1188 4500 sed
1210 4446 1263 4503 ta·
1315 4446 1480 4526 stupent,
1520 4456 1560 4502 ac
1589 4455 1711 4504 rursus
1741 4433 1929 4518 dubitant,
1970 4461 2017 4506 an
2045 4461 2127 4508 casu
2157 4440 2310 4534 imperia

273 4559 356 4604 men
379 4535 464 4629 quid
488 4530 577 4604 mihi
602 4535 782 4617 videatur,
810 4533 965 4603 breviter
986 4532 1112 4602 dicam.
1175 4531 1263 4603 Vult
1315 4549 1521 4615 nascantur,
1564 4547 1599 4604 et
1628 4558 1752 4606 rursus
1781 4559 1864 4606 casu
1896 4539 2120 4623 dilabantur,
2161 4557 2202 4613 ut
2232 4545 2313 4616 sor·

185 4715 187 4720 ¹
271 4633 374 4705 Plato
397 4661 470 4706 esse
492 4637 613 4729 aliquo
637 4637 743 4705 modo
759 4636 1043 4706 linemauatura
1056 4635 1261 4704 ordinatum
1314 4637 1487 4706 micarum
1515 4635 1687 4711 examina.
1753 4635 1826 4708 Nec
1853 4641 2010 4729 prolecto
2038 4642 2174 4712 tristius
2203 4645 2311 4718 illum

244 4725 514 4827 'imperiorum
539 4739 629 4810 sicut
643 4738 681 4807 in
696 4735 857 4821 Musiris,
881 4735 944 4807 ubi
959 4743 1037 4826 po'st
1052 4729 1116 4808 διὰ
1130 4741 1262 4809 πασῶν
1314 4738 1551 4828 spectaculum
1583 4751 1655 4818 est,
1699 4761 1808 4831 quam
1839 4741 1972 4812 intueri
1998 4742 2083 4814 inde
2113 4767 2230 4840 usque
2264 4753 2311 4822 ab

270 4838 419 4907 alterius
437 4855 562 4911 natura
585 4867 659 4910 nou
682 4838 917 4932 progreditur.
976 4835 1035 4906 Fit
1058 4849 1175 4906 autem
1197 4832 1261 4910 διὰ
1313 4839 1418 4910 initio
1465 4840 1586 4910 ruinas
1632 4853 1685 4910 tot
1723 4841 2057 4914 florentissimorum
2080 4869 2311 4935 regnorum.

270 4942 404 5012 πασῶν
418 4940 546 5012 iunctis
563 4938 625 5015 dai
642 4933 836 5036 τεσσάρων
852 4953 887 5010 et
902 4933 965 5011 διὰ
977 4934 1094 5012 πέντε.
1147 4935 1259 5012 llicet
1314 4938 1456 5030 Quanta
1486 4941 1598 5012 virtus
1626 4941 1695 5012 luit
1718 4943 1870 5016 civitatis
1891 4941 2057 5016 Atticae?
2103 4945 2211 5021 Nunc
2233 4979 2309 5048 quo

272 5042 456 5112 coelestem
471 5067 650 5129 arcanam,
679 5059 714 5114 et
727 5043 896 5112 moralem
910 5063 1050 5111 causam
1065 5043 1260 5137 coniungit.
1312 5043 1351 5110 in
1383 5043 1461 5112 loco
1490 5043 1622 5128 luerit,
1654 5067 1729 5114 ιιοιι
1757 5045 1841 5114 satis
1870 5045 1953 5116 sciri
1974 5061 2101 5140 potest.
2152 5049 2309 5148 Propter

270 5138 541 5236 Aliquantisper
556 5148 661 5217 sentit
677 5145 773 5235 gigni
788 5145 901 5214 bonos
914 5158 949 5214 et
964 5155 1180 5235 praestantes
1194 5165 1260 5232 gu·
1312 5140 1404 5215 hanc
1417 5158 1550 5214 tantam
1564 5146 1768 5218 varietatem
1782 5162 1973 5218 eventuum
1988 5150 2101 5221 multa
2114 5153 2160 5222 de
2171 5159 2319 5228 caussis·

268 5245 494 5325 bernatoms,
538 5273 691 5339 qnorum
720 5247 850 5316 virtute
881 5257 1068 5318 teneantur
1100 5245 1258 5336 imperia,
1311 5246 1551 5317 mutationum
1578 5241 1791 5339 Philosophi
1820 5249 2084 5340 quaesiverunt.
2141 5253 2216 5328 Nee
2245 5284 2307 5330 ex.

268 5361 386 5437 postea
411 5348 460 5418 ait
486 5349 581 5418 nasci
606 5347 864 5436 languidiores,
891 5347 953 5440 qui
976 5347 1043 5439 ipsi
1064 5348 1258 5418 suis-luro—
1311 5347 1436 5442 plicari
1452 5371 1507 5419 res
1522 5347 1590 5420 nisi
1605 5349 1644 5420 in
1657 5348 1821 5420 doctrina
1831 5345 2010 5425 Ecclesiae
2023 5369 2149 5447 potest.
2200 5357 2304 5433 Plato
