4896 5974
123 201 199 280 sss
842 197 1169 284 cesurnun
1217 199 1326 280 Lm.
1359 151 1441 280 nr.
1552 261 1555 272 .

123 375 257 464 Natum
274 368 382 460 mihi,
407 371 613 466 bellumque
623 371 718 444 so'rtc
731 389 902 466 posceret,

123 477 230 550 Cives
247 491 286 547 ut
301 472 438 548 hostem
455 475 665 546 dimicantes
679 477 813 567 praelio

122 578 373 672 Depellerent‚
399 601 487 646 num
504 577 618 648 lilium
633 579 758 650 mortis
774 592 872 651 metu

122 680 300 754 Recusem
318 681 355 748 in
373 679 485 748 aciem
501 679 665 750 mittere?
715 677 864 752 atvero
882 675 972 752 mihi

122 783 231 854 Tales
249 804 312 873 ego
331 793 415 874 opto
432 781 544 866 filios,
571 780 633 874 qui
650 781 791 852 fortiter

102 881 170 958 ‘Et
187 885 426 978 praelientur,
453 897 488 956 et
505 883 617 954 velint
633 883 802 954 excellere

124 985 228 1059 Inter
243 989 338 1058 viros
357 987 488 1074 ylrtute
503 985 588 1055 clari
608 1000 774 1070 caeteros,

121 1091 195 1162 Nec
213 1092 282 1160 sint
300 1091 338 1158 iu
354 1089 443 1158 urbe
459 1111 523 1158 ceu
537 1087 669 1177 figurae
684 1088 841 1173 inutiles,

121 1191 198 1264 Aut
217 1192 308 1286 picta
326 1215 390 1264 ceu
406 1185 619 1260 simulachra
635 1190 785 1280 parietes
802 1202 935 1265 tenent.
999 1265 1000 1268 ,

121 1295 194 1368 Sed
209 1319 312 1386 saepe
325 1306 480 1390 matrum¹
492 1287 685 1362 lachrimae
701 1317 780 1362 cum
798 1292 862 1360 filii

120 1395 235 1468 Arma
251 1381 425 1480 induuht,
451 1393 588 1464 animos
604 1416 728 1462 eorum
744 1393 984 1466 effoeminant.

119 1497 261 1570 Ilarum
278 1497 429 1568 eiulatus
444 1509 548 1590 atque
563 1495 687 1564 mollia
707 1511 847 1584 pectora

122 1601 207 1675 Non
229 1602 354 1679 laudo,
382 1599 512 1692 quibus
528 1599 652 1688 ignara
671 1597 742 1666 vita
758 1593 900 1666 charior

123 1701 188 1776 Est
206 1705 380 1786 filiorum,
403 1725 509 1794 quam
526 1701 632 1769 decus
648 1693 939 1788 pulcherrimum.
971 1687 975 1702 ’

123 1803 173 1877 Et
190 1831 282 1900 quae
297 1804 370 1874 suis
386 1803 534 1871 suadere
547 1800 814 1890 turpitudinem

125 1907 289 1992 Audent,
315 1901 450 1975 horrore
466 1928 533 1972 nee
547 1896 744 1995 sepulchri,
766 1916 800 1973 et
817 1901 949 1994 posteri

125 2009 322 2081 Moventur
338 2007 594 2099 adprobatione
609 2003 731 2086 seculi,

126 2111 233 2202 Quod
250 2097 429 2204 praedicat
446 2109 612 2178 virtutem
632 2129 756 2176 eorum
771 2105 939 2178 laudibus

127 2213 235 2284 Veris
248 2227 282 2284 et
298 2211 582 2294 immortalibus,
609 2209 669 2298 qui
689 2208 839 2297 patriam

128 2314 174 2389 Et
189 2316 320 2408 templa
339 2325 539 2404 protexere,
557 2315 631 2378 'nec
648 2309 772 2378 mortis
788 2323 884 2380 metu

128 2419 272 2492 Cessero
289 2415 418 2485 nostris
434 2409 616 2492 hostibus,
645 2435 709 2480 nec
726 2411 933 2500 sauguinem

128 2521 318 2614 vitamque
335 2517 544 2586 dubitarunt
559 2539 657 2586 suam
676 2515 902 2603 profundere.

128 2622 176 2695 Et
193 2625 286 2693 filiae
303 2635 444 2690 nostrae
458 2621 578 2688 futura
594 2631 644 2687 est
660 2615 774 2705 gloria
860 2619 862 2622 ’

130 2730 306 2808 heterna,
331 2723 359 2792 si
375 2745 439 2813 pro
456 2720 569 2811 patria
585 2732 735 2787 mortem
752 2728 909 2807 oppetat,

131 2827 374 2918 Geminasque
389 2823 544 2892 servabit
561 2844 699 2889 sorores
715 2821 831 2887 unica.

50 2927 60 2952 '
129 2933 282 3005 Caedam
300 2951 382 3016 ergo
400 2937 563 3014 gnatam,
589 2937 628 2998 ut
645 2909 703 2990 fiat
722 2917 835 2990 hostia
852 2919 999 2991 civibus.

131 3035 212 3106 Nou
229 3033 308 3100 dico
324 3029 421 3096 enim
442 3049 515 3094 esse
531 3023 673 3116 proprie
690 3025 796 3092 unius
811 3047 935 3108 meam,

130 3137 208 3208 Nisi
225 3135 321 3226 quod
339 3155 380 3199 ex
398 3129 479 3197 alvo
495 3151 571 3195 mea
587 3151 650 3196 ceu
668 3121 826 3215 plantula

129 3239 220 3311 Nata
238 3248 301 3304 est.
327 3271 332 3280 ·
354 3229 404 3300 At
420 3232 508 3299 urbe
523 3228 659 3319 perdita
675 3227 782 3320 simul
799 3225 917 3295 omnia

131 3340 254 3412 Perire
270 3354 405 3427 nosque
419 3332 620 3424 liberosque
636 3351 829 3398 cernerem.

50 3517 52 3524 ,
130 3445 201 3518 Sed
222 3437 365 3509 dixeris.
414 3429 579 3503 Extincta
596 3431 626 3500 si
642 3431 686 3498 sit
698 3429 782 3512 filia,

129 3547 203 3618 Nos
218 3565 291 3612 una
306 3540 347 3606 in
364 3538 453 3606 urbe
472 3548 608 3626 sceptra
624 3533 752 3603 deinde
769 3530 942 3601 amittere.

128 3649 220 3722 Esto
240 3647 354 3713 serent
370 3651 411 3709 ut
427 3637 518 3723 iata,
541 3637 648 3726 stirps
666 3647 750 3704 tunc
766 3634 874 3702 altera

128 3753 172 3824 ln
187 3748 281 3819 urbe
298 3757 417 3812 nostra
434 3739 630 3831 principem
648 3747 764 3806 teneat
787 3733 916 3804 locum.

128 3857 299 3928 Servasse
316 3839 465 3936 patriam
481 3843 595 3910 maius
612 3851 663 3908 est
678 3859 786 3924 reguo
802 3835 925 3904 decus:

126 3955 298 4046 Denique
317 3947 481 4015 voluntas
495 3955 589 4012 recta
605 3941 652 4011 sit
670 3941 764 4033 quud
782 3957 967 4028 possumus

129 4059 337 4130 Praestare,
363 4047 501 4137 legibus
516 4043 598 4112 volo
623 4039 850 4112 sanctissimis

127 4162 287 4238 Parere,
308 4175 373 4219 nee
389 4149 522 4220 violare
539 4167 596 4214 eas
613 4145 730 4214 sciens
746 4141 867 4214 velim.

124 4263 173 4337 Et
191 4255 341 4329 interim
360 4252 460 4320 fruar
474 4247 578 4318 bonis
592 4245 854 4323 communibus,

124 4367 271 4455 Legum
287 4353 433 4438 ordine,
453 4365 557 4444 atque
575 4347 761 4440 disciplina
776 4345 921 4430 civium,

126 4468 238 4559 Quae
255 4481 312 4528 me
324 4456 466 4526 volente
482 4451 603 4520 nullus
619 4445 677 4520 hic
692 4447 873 4530 deleverit,

125 4572 216 4644 Non
235 4563 318 4632 sede
332 4570 482 4628 stantem
498 4550 679 4623 Palladem
696 4545 934 4627 firmissima,‘

126 4673 325 4758 Laevaque
339 4657 511 4732 terrificos
526 4667 705 4726 tenentem
721 4648 901 4738 Gorgonis

128 4778 284 4860 Angues
301 4759 478 4844 movebit,
503 4769 563 4826 aut
579 4750 767 4825 ab'Arctoa
782 4753 884 4842 plaga

127 4861 365 4960 Erimolphus
378 4859 449 4933 hoc
464 4859 654 4930 exercitum
671 4859 801 4926 ducent
815 4854 942 4936 fenim,

128 4983 206 5054 hut
229 4971 402 5042 barbarae
420 4961 533 5054 gentis
547 4959 649 5029 iuror
663 4952 934 5026 Thracens'ium.
977 4955 987 4978 '

125 5083 185 5154 Ne
204 5072 319 5146 hostis
335 5065 394 5159 bic
406 5059 577 5156 trophaea
594 5061 674 5152 figet
691 5059 838 5149 uspiam,

126 5179 264 5259 Nullos
279 5162 482 5262 triumphos
496 5161 554 5234 hic
572 5178 669 5253 aget,
693 5183 759 5228 nec
774 5159 894 5228 laurea
1002 5155 1007 5170 '

129 5279 296 5355 Victrice
306 5271 465 5366 glorians
481 5267 630 5358 superbe
646 5261 843 5335 ornabitur.

127 5379 325 5462 Concedo,
349 5375 444 5446 cives
459 5369 637 5440 victimam
654 5360 739 5436 hinc
756 5361 933 5444 abducite,

186 5489 368 5558 uterina.
393 5477 499 5545 Orsa.
524 5473 609 5540 Ver..
635 5471 681 5546 X,

1043 4063 1047 4070 '
1198 4049 1265 4123 No.
1291 4051 1379 4124 223.

1179 4145 1413 4182 m
1494 4185 1496 4192 ᾗ

1166 371 1214 445 Ut
1230 355 1325 446 salva
1343 374 1389 446 sit
1403 373 1598 468 victrixque
1614 389 1736 448 nostra
1752 377 1880 468 patria.

1071 499 1074 506 ⁴
1163 473 1256 547 Nam
1273 477 1365 547 tiliae
1380 476 1473 548 vitae
1489 477 1638 548 salutem
1656 478 1847 568 publicam,

1165 575 1317 650 lmmota
1334 591 1402 650 stat
1417 579 1609 664 sententia,
1635 592 1863 670 anteponere.

1165 674 1201 748 0
1219 681 1332 772 patria
1349 681 1485 754 utinam
1502 681 1650 770 diligant
1668 695 1702 753 te
1716 682 1850 771 singuli

1163 777 1285 864 Cives,
1313 797 1352 853 ut
1369 777 1437 852 hoc
1455 784 1554 852 ardet
1570 807 1686 852 meum
1703 800 1825 873 pectus
1840 785 1893 855 tui

1162 883 1297 953 Amore
1313 888 1415 970 vero,
1441 885 1470 953 si
1486 885 1651 954 voluntas
1667 885 1871 977 principum

1157 983 1264 1054 'Talis
1278 986 1389 1071 soret,
1416 986 1646 1080 tranquillior
1664 1002 1773 1057 status
1791 1001 1874 1058 tuus

1164 1086 1347 1172 Maneret,
1374 1101 1407 1157 et
1425 1102 1542 1160 motus
1559 1089 1770 1158 domesticos
1789 1089 1873 1158 mali

1163 1187 1265 1258 Ciere
1285 1213 1357 1258 non
1375 1204 1536 1292 possent,
1563 1205 1597 1260 et
1613 1185 1728 1261 hostes
1747 1203 1884 1261 exteros

1163 1288 1295 1362 Arcere
1315 1304 1430 1382 posset
1445 1293 1607 1362 omnium
1626 1293 1828 1372 concordia.

1839 1735 2155 1778 m

1233 1845 1345 1899 Editurn
1364 1827 1395 1898 er
1413 1840 1579 1910 autographo
1591 1841 1618 1894 in
1633 1841 1754 1894 Hertelis'
1772 1861 1865 1912 progr.
1878 1848 2032 1917 „thmmsn
2050 1860 2099 1910 pus
2114 1855 2156 1913 ba

1266 1919 1322 1980 sets
1340 1917 1382 1970 ter
1398 1913 1576 1977 &strematico
1599 1913 1662 1984 iiber
1687 1913 1725 1969 tis
1743 1909 1911 1984 &insinuas
1936 1927 2008 1984 cutes
2025 1919 2157 1986 enulae.

1270 1986 1377 2054 patrea.
1404 1981 1471 2049 ostiti
1495 1983 1592 2048 notant
1610 1983 1789 2050 construetur
1808 1985 2157 2060 perennabuntur

1271 2049 1570 2117 (amelmasser.)
1588 2069 1615 2122 p.
1631 2054 1674 2108 20.
1712 2052 1807 2124 (Apud
1828 2053 2003 2110 vincentium
2022 2059 2075 2116 boe
2093 2079 2155 2117 car-
2223 2083 2227 2090 ·

1270 2140 1334 2175 rnen
1351 2137 1410 2174 nou
1427 2117 1547 2191 legitur.)

1604 2274 1738 2350 1546.

1169 2423 1333 2514 Moenia,
1361 2455 1451 2524 quae
1467 2443 1598 2500 vestras
1614 2431 1836 2504 circumdant
1855 2429 1954 2506 Iona
1972 2437 2136 2530 salinas,

1220 2527 1290 2599 Vix
1304 2533 1486 2604 delassatis
1501 2555 1625 2602 currus
1643 2534 1757 2604 adibit
1773 2536 1880 2629 equis,

1168 2628 1273 2701 Tunc
1288 2637 1431 2726 quando
1447 2630 1635 2724 Hesperias
1651 2628 1817 2706 Phoebus
1834 2637 1972 2710 labetur
1986 2642 2024 2712 in
2041 2649 2157 2718 undas

1220 2730 1382 2829 Cumque
1400 2733 1518 2807 lovem
1537 2736 1734 2824 Aegoceros
1748 2737 1785 2806 iu
1802 2763 1901 2809 mare
1915 2754 2037 2815 torvus
2059 2763 2156 2839 aget;

1169 2831 1394 2930 Pulchraque
1410 2839 1479 2907 iam
1494 2837 1633 2905 rediens
1648 2839 1826 2910 nascentia
1837 2861 1968 2913 cornua
1985 2850 2028 2916 ad
2039 2845 2156 2922 Euros

1221 2935 1357 3009 Haustu
1374 2953 1555 3010 convertet
1571 2938 1707 3008 lumine
1720 2939 1822 3012 Luna
1837 2965 1949 3014 novo:

1168 3037 1281 3110 Cuius
1295 3055 1335 3110 ut
1350 3043 1521 3133 adspicies
1537 3041 1682 3110 formosi
1699 3042 1824 3113 sideris
1839 3069 1902 3117 ora

1222 3140 1323 3212 Talia
1338 3146 1485 3216 adorato
1502 3142 1610 3212 dicitu
1628 3145 1734 3214 verba
1746 3141 1860 3216 Deos

1170 3241 1311 3334 indiga,
1338 3246 1416 3316 luce
1432 3246 1484 3318 tui
1505 3246 1643 3335 perfusa
1658 3241 1817 3316 Ecclesia
1833 3251 1941 3339 gnati,

1221 3343 1347 3436 Fulget
1360 3363 1399 3418 ut
1415 3373 1434 3416 a
1451 3342 1598 3416 Phoebo
1612 3347 1748 3418 lumina
1766 3348 1851 3420 luna
1870 3347 1989 3426 trahit.
2029 3361 2034 3372 “

1170 3441 1269 3536 Ergo
1285 3449 1355 3516 tuis
1369 3447 1479 3518 radiis
1493 3448 1631 3516 illustra
1649 3462 1788 3538 pectora
1806 3465 1937 3534 nostra,

1222 3545 1414 3620 OChriste
1429 3549 1562 3618 aeterni
1579 3558 1682 3643 gnate
1700 3562 1734 3618 et
1750 3550 1863 3641 imago
1884 3555 2004 3644 patris.
2062 3615 2063 3618 ,
2178 3603 2185 3610 -

1252 3696 1328 3767 (Alia
1344 3715 1428 3752 manu
1441 3695 1609 3768 adscriptum
1622 3705 1678 3750 est:
1695 3695 1732 3750 In
1747 3695 1916 3764 Epiphanes
1929 3701 2071 3776 nomint)

1819 4071 1949 4120 exeunte
1974 4079 2023 4126 sn.
2050 4061 2146 4132 1546.

1803 4145 2161 4197 w

1156 4299 1158 4305 .
1242 4260 1323 4334 Apud
1334 4219 1509 4316 llinceutium
1523 4279 1550 4330 p.
1563 4261 1606 4318 7⁵.
1621 4289 1658 4301 -
1695 4261 1877 4335 Apograpbou
1891 4265 1920 4316 iu
1936 4265 2090 4324 coenose.
2103 4272 2158 4328 114.

1275 4350 1303 4402 p.
1325 4327 1397 4390 89⁵,
1429 4330 1476 4382 ubi
1496 4330 1657 4384 Melanthea
1680 4330 1781 4385 dieitur
1801 4331 1854 4386 boc
1874 4351 1984 4387 esrmeu
2005 4334 2102 4392 iecisse
2129 4339 2159 4394 in

1276 4400 1459 4468 staminum,
1477 4397 1584 4452 Ducem
1597 4399 1746 4470 Senoniae,
1770 4397 1875 4456 bellurn
1889 4399 2049 4456 inferentem
2064 4405 2160 4463 loanni

1275 4467 1434 4528 Friderico,
1451 4467 1580 4522 Electori.

1335 4587 1340 4608 ¹
1397 4629 1459 4700 ne
1474 4623 1751 4726 Abrotonefilio
1765 4605 1937 4700 Doridis.

1173 4797 1336 4888 Degener
1350 4797 1529 4868 immerito
1542 4797 1693 4890 rapuisti
1709 4807 1843 4884 sceptra
1859 4796 2006 4884 parenti,

1224 4897 1260 4972 Ο
1281 4900 1419 4970 iuvenis
1433 4901 1568 4992 patriae
1584 4899 1690 4990 pestis
1706 4898 1828 4988 acerba
1848 4912 1939 4966 tuae.

1173 5000 1290 5092 Digna
1305 5003 1376 5071 tuis
1393 4995 1539 5095 iactis*)
1556 5004 1614 5070 sed
1633 5022 1745 5091 poena
1764 5011 1897 5084 secuta,
1923 5018 2107 5094 vagantem

1225 5103 1429 5175 Frondibus
1443 5103 1600 5174 arboreis
1613 5099 1819 5192 implicuere
1835 5125 1964 5178 comae.

1176 5276 1390 5290 ..ae—-n-n-

1123 5419 1129 5430 ,
1209 5367 1241 5441 *l
1261 5365 1331 5425 cod.
1345 5363 1428 5422 oon.
1447 5361 1510 5420 stt.
1526 5362 1636 5430 coeptis.

1487 5435 1538 5508 38
