4866 5990
224 273 228 280 “
266 279 338 352 311
619 267 886 358 SClllPTAv
910 263 988 340 Al)
1019 256 1217 340 VlTAM
1248 253 1323 334 ET
1356 255 1596 334 OBITUM
1634 253 1937 338 MELANTH.
2243 251 2340 376 ξιξ

267 472 344 520 eam
366 445 542 540 percepit,
567 441 803 517 utViaticurn
820 435 970 512 haberet
985 438 1125 510 animae
1139 433 1179 504 io
1195 455 1261 528 pa-
1315 432 1396 528 quis
1421 456 1461 504 se
1483 444 1727 525 praepararet,
1759 432 1860 503 etin
1887 444 1961 505 tota
1988 428 2063 502 vita
2091 423 2333 500 assuefaciat.

266 550 372 624 triam
387 549 593 633 coelestem,
621 559 655 616 et
673 540 742 616 hoc
758 546 867 616 modo
882 541 1025 638 publice
1047 549 1264 646 contestpm-
1315 534 1396 606 Hoc
1429 535 1459 606 si
1495 536 1683 630 quisquam
1715 535 1825 622 alios,
1863 548 1957 606 recte
1981 528 2043 603 hic
2067 543 2192 602 noster
2219 525 2332 599 fecit.

268 663 346 738 tur,
379 675 460 722 curn
484 675 553 746 qua
573 645 752 734 Ecclesia,
782 646 872 732 lide,
903 649 1044 730 animo,
1077 637 1265 724 sententia,
1315 637 1415 710 Haec
1447 638 1543 708 enirn
1576 636 1690 730 ipsius
1729 637 1829 708 fuere
1864 635 2061 730 colloquia,
2103 627 2144 702 hi
2175 653 2335 704 sermo·

270 755 472 840 voluntate,
508 751 747 838 confessione,
784 762 820 821 et
851 769 1025 820 consensu
1053 743 1265 818 coniunctus
1317 764 1397 827 nes,
1432 735 1499 811 hae
1525 739 1773 830 cogitationes,
1811 736 1882 812 huc
1906 738 2023 832 ipsum
2049 736 2180 828 scripta
2206 754 2334 804 sona-

272 870 372 928 esset.
404 931 405 934 ,
1117 907 1127 918 .
1318 845 1427 929 bant,
1460 844 1506 924 de
1532 842 1726 934 praesentis
1747 842 1841 914 vitae
1864 841 2025 925 miseria,
2055 853 2091 910 et
2114 837 2333 928 fugacitate,

1319 948 1364 1017 de
1384 944 1651 1017 immortalitate
1678 943 1837 1032 animae,
1862 945 1907 1015 de
1935 939 2192 1014 resurrectione
2212 960 2332 1008 mor-

1320 1063 1486 1134 tuorum,
1518 1049 1563 1118 de
1585 1047 1658 1119 vita
1681 1059 1845 1134 aeterna,
1875 1047 1921 1117 de
1946 1043 2211 1116 conversatione
2229 1041 2331 1134 pio-

1320 1175 1401 1222 rum
1419 1173 1501 1220 cum
1514 1149 1611 1234 Deo,
1636 1162 1671 1220 et
1687 1150 1856 1220 omnibus
1872 1149 2011 1234 electis,
2036 1149 2080 1217 de
2095 1141 2213 1217 schola
2230 1165 2330 1214 coe-

1321 1253 1399 1325 lesti
1414 1265 1480 1327 etc.
1530 1249 1683 1344 Collegit
1698 1253 1743 1321 de
1756 1246 1814 1322 his
1828 1252 2016 1342 omuibus,
2041 1263 2076 1320 et
2089 1245 2243 1338 singulis
2257 1269 2333 1316 ar-

273 1439 366 1491 mus.
403 1415 484 1508 lpsa
499 1413 557 1483 die
572 1413 770 1504 palmarum
786 1410 879 1480 febri
895 1423 1077 1502 correptus
1092 1421 1153 1494 est,
1179 1429 1270 1502 quae
1322 1370 1487 1475 gumini
1502 1354 1675 1475 plurim!
1700 1354 1902 1475 le⁵llm⁰⁰l³
1918 1353 2083 1474 l⁰⁸l⁸⁰l³’
2108 1365 2143 1422 el
2159 1347 2334 1470 illum?

274 1533 394 1592 tamen
420 1516 526 1594 initio
556 1515 666 1598 vires,
698 1513 928 1606 quantumvis
957 1513 1050 1582 alias
1073 1507 1271 1596 exhaustas,
1321 1479 1574 1632 Effgffznel
1595 1457 1772 1576 ‘nummi
1798 1458 1965 1542 lr³d¹i³⁵'
1990 1457 2122 1576 qmllm
2146 1465 2257 1526 emm
2284 1473 2333 1519 m

1221 1611 1231 1630 .
1519 1581 1610 1650 gone
1627 1581 1664 1628 se
1679 1572 1801 1641 erexrt,
1826 1571 1862 1630 et
1875 1559 2111 1643 confirmarat,
2133 1567 2175 1626 ut
2188 1575 2331 1644 magno

272 1645 350 1691 ¹¹⁰⁰
378 1643 492 1713 mque
523 1619 620 1688 adm
638 1615 850 1689 debilitavll'
910 1613 1149 1708 sequemlbm
1174 1635 1270 1680 emm
1323 1662 1443 1733 animo
1461 1675 1612 1731 mortem
1626 1661 1766 1731 fortiter
1781 1661 1909 1731 adierit
1951 1674 1986 1732 et
2026 1657 2192 1730 lac'dcin
2207 1652 2332 1728 Chri-

274 1722 402 1794 diebus
416 1719 556 1805 Martis,
581 1717 694 1804 lovis,
720 1731 755 1790 et
770 1715 937 1808 Veneris,
962 1717 1094 1810 quibus
1112 1715 1271 1793 alectio·
1323 1778 1378 1835 8ῑο
1402 1761 1648 1834 obdormierit·
1706 1759 1868 1836 Dubium
1891 1685 2099 1854 ἱὲἰωῐρῃοὲ
2126 1773 2195 1847 est,
2227 1758 2331 1853 quin

275 1825 383 1896 nibus
396 1823 460 1894 alii
472 1821 657 1906 vacabant,
682 1845 747 1890 suo
763 1843 863 1890 more
878 1820 918 1888 in
931 1820 1076 1912 publico
1091 1817 1270 1888 auditorio
1323 1865 1458 1938 Ductor
1479 1865 1519 1934 in
1541 1859 1638 1935 him
1662 1867 1794 1936 nostris
1811 1861 1943 1936 scholis
1958 1865 2128 1958 insignis,
2154 1863 2194 1932 in
2216 1861 2333 1932 illam

276 1929 417 2012 d⁰⁶¹¹¹ls
451 1939 492 1996 Ul
513 1949 618 1996 ⁸¹⁰¹⁰¹
641 1946 681 1990 ¹¹¹
702 1924 834 1993 h⁰⁰³¹¹¹
855 1945 953 2013 spem
975 1933 1158 2006 ‘mmmm’
1189 1943 1271 2038 eum
1324 1969 1509 2039 coelestem
1532 1962 1691 2038 scholam
1715 1969 1761 2037 ab
1780 1963 1929 2059 Angelis
1953 1967 2073 2054 castis,
2093 1979 2223 2038 'castus
2246 1963 2335 2054 ipse

275 2029 553 2102 convaliturum.
588 2023 680 2096 Nam
696 2038 731 2095 et
746 2024 909 2118 sequenti
924 2023 983 2095 die
1000 2021 1148 2096 Sabbati
1165 2043 1272 2092 sacris
1324 2074 1369 2142 sit
1384 2071 1568 2155 deductus,
1594 2083 1629 2140 et
1642 2095 1662 2141 a
1675 2070 1751 2140 filfo
1765 2067 1846 2153 Dei,
1872 2070 1931 2142 cui
1944 2093 1981 2141 κ
1997 2069 2335 2153 commendam&

275 2131 466 2212 interfuit?
483 2143 525 2200 ut
547 2127 683 2198 dictum
707 2138 769 2198 est.
822 2123 956 2196 Verum
979 2127 1127 2200 morbus
1151 2133 1272 2216 postea
1326 2174 1335 2191 .
2036 2173 2045 2191 .
2189 2171 2199 2188 .
2250 2169 2261 2186 ·

228 2289 231 2296 ¹
276 2233 448 2318 invaluit,
474 2230 514 2298 pn
538 2253 610 2324 quo
630 2239 667 2300 e,
689 2227 929 2300 obedientiam
953 2225 1050 2312 Deo,
1081 2241 1115 2298 et
1135 2225 1273 2319 pauen-
1325 2197 1363 2242 ru
1377 2186 1518 2242 aeterna
1533 2171 1947 2265 tabernaculareceptus,
1973 2171 2048 2244 Ubr
2064 2171 2334 2263 fulgebrtsrcut

276 2335 365 2407 ,iam
385 2332 512 2404 miram
529 2329 715 2423 praestiti,
765 2325 814 2401 E,
835 2345 876 2402 u,
899 2330 939 2400 in
960 2343 1035 2402 tota
1053 2330 1127 2402 vim
1143 2330 1274 2399 arden·
1325 2275 1494 2368 splendor
1514 2274 1728 2348 firmamenti
1750 2287 1786 2347 et
1806 2277 1906 2371 quasi
1927 2275 2051 2347 stellae
2073 2275 2114 2345 in
2131 2285 2335 2368 perpetuas

276 2435 421 2510 tissimis
439 2433 604 2527 precibus
619 2456 667 2516 se,
693 2454 865 2526 suamque
880 2433 1042 2520 salutem,
1067 2429 1274 2516 Ecclesiam,
1325 2378 1562 2480 mmm*

277 2551 313 2610 et
336 2549 449 2610 totam
472 2534 735 2628 posteritatem,
759 2535 853 2604 veris
881 2533 1070 2625 gemitibus
1090 2531 1186 2604 Filio
1204 2528 1273 2602 Dei
1426 2528 1532 2602 Hanc
1564 2530 1597 2601 ei
1626 2531 1855 2606 foelicitatem
1877 2555 1952 2604 non
1980 2530 2221 2617 invideamus,
2255 2529 2331 2600 sed

373 1005 447 1078 lam
470 1004 580 1096 igitur
604 1004 694 1074 ordo
720 1004 773 1072 rei
794 1001 967 1094 postulat,
992 1011 1033 1071 ut
1054 1022 1134 1070 cum
1151 995 1266 1069 oratio

273 1123 393 1182 nostra
409 1133 450 1179 eo
466 1103 616 1179 deducta
631 1108 678 1176 sit
694 1118 729 1176 et
744 1117 884 1196 tempus
904 1105 1113 1183 admoneat,
1140 1103 1185 1172 de
1202 1125 1268 1193 po-

168 1281 173 1290 .
273 1227 403 1284 stremo
427 1207 497 1282 hoc
515 1223 618 1294 actu,
642 1207 706 1302 qni
726 1205 829 1278 valde
855 1205 1015 1298 placidus
1035 1203 1123 1292 fuit,
1146 1201 1269 1275 brevi-

273 1327 327 1386 ter
348 1308 519 1384 nonnihil
541 1313 734 1394 addamus,
768 1333 839 1403 quo
861 1310 1005 1378 tandem
1029 1307 1136 1376 linem
1162 1305 1269 1376 facia-

278 2638 562 2723 commeudavit,
587 2637 636 2710 ita
654 2631 723 2706 hoc
744 2635 861 2728 ipsum
880 2638 1068 2730 praecipue
1084 2649 1166 2712 ⁴toto
1183 2648 1274 2706 tem·
1326 2631 1514 2704 orbitatem
1530 2648 1688 2706 nostram
1706 2637 1948 2730 deploremus,
1973 2660 2014 2706 ac
2029 2637 2074 2706 de
2097 2631 2333 2704 imminenti-

277 2765 385 2838 pore,
411 2764 484 2836 quo
498 2739 748 2823 decumbebat,
773 2739 957 2831 praestitit.
1009 2733 1063 2810 Ac
1077 2739 1221 2811 tandem
1236 2736 1274 2806 vi
1326 2737 1394 2808 bus
1410 2735 1513 2805 malis
1526 2735 1730 2827 cogitemus.
1781 2737 1997 2836 Plerumque
2021 2737 2118 2808 enim
2137 2747 2334 2807 tantorum

277 2843 397 2916 morbi
411 2857 576 2915 naturam
589 2855 797 2934 superante,
823 2841 960 2914 decima
978 2865 1071 2912 nova
1088 2841 1148 2914 die
1164 2836 1275 2931 Apri·
1327 2838 1487 2910 virorum
1508 2833 1628 2910 obitus
1648 2841 1804 2910 ominosi
1824 2854 1926 2924 sunt,
1952 2855 1987 2912 et
2008 2837 2221 2934 praenuntii
2240 2851 2335 2910 sunt

277 2947 343 3034 lis,
375 2947 482 3040 paolo
503 2957 586 3016 ante
608 2937 735 3015 horam
761 2944 948 3037 septimam
979 2942 1274 3036 pomeridianam,
1326 2939 1529 3011 futurarum
1553 2941 1811 3028 calamitatum,
1835 2937 1941 3014 Esaia
1962 2955 2067 3029 teste,
2101 2941 2164 3037 qui
2184 2941 2333 3035 iuquit:

275 3051 375 3122 ‚iuter
404 3047 572 3139 gemitus,
605 3059 707 3132 vota,
741 3046 912 3138 suspiria,
945 3059 981 3118 et
1009 3043 1274 3138 inpocationem
1327 3041 1409 3112 Viri
1428 3042 1691 3114 misericordiae
1706 3043 1944 3135 colliguntur,
1966 3059 2001 3116 et
2017 3068 2093 3116 non
2111 3041 2241 3138 estqui
2264 3043 2333 3112 in-

279 3149 367 3224 Eilii
387 3149 479 3235 Dei,
505 3147 563 3218 cui
587 3170 624 3217 se
651 3161 727 3218 toto
755 3161 896 3239 pectore
919 3146 1201 3232 commendavit,
1233 3153 1294 3214 ex'
1327 3145 1484 3236 telligat‚
1506 3145 1629 3216 aiacie
1643 3146 1729 3216 mali
1744 3146 1926 3237 colligitur
1943 3147 2068 3220 iustus.
2108 3143 2208 3217 Deus
2224 3145 2331 3215 enim

278 3249 347 3326 hac
377 3271 589 3322 aerumnosa
615 3247 707 3332 vita,
740 3263 775 3320 et
799 3242 942 3334 schola,
978 3248 1036 3318 cui
1066 3247 1275 3338 longissimo
1329 3261 1444 3320 motus
1465 3247 1630 3340 precibus
1653 3242 1784 3320 horum
1802 3249 1980 3332 vimrum,
2010 3247 2073 3344 qui
2094 3249 2208 3320 instar
2228 3247 2333 3320 muri

278 3370 440 3446 tempore
472 3349 661 3422 utilissime
695 3349 860 3437 servivit,
897 3363 1063 3420 evocatus
1090 3363 1159 3436 cst,
1193 3371 1274 3420 cum
1327 3362 1430 3431 sunt,
1462 3363 1498 3422 et
1524 3351 1894 3444 propugnaculorum,
1927 3351 2091 3444 reprimit
2118 3365 2267 3423 conatus
2292 3363 2330 3423 et

280 3455 426 3526 vixisset
442 3473 556 3524 anuos
571 3451 751 3541 sexaginta
766 3467 849 3538 tres,
865 3449 1010 3524 Menses
1026 3453 1128 3539 duos,
1153 3465 1189 3524 et
1203 3465 1275 3522 tres
1328 3451 1480 3546 impetus
1494 3450 1762 3546 Tyrannomm,
1787 3478 1828 3524 ac
1841 3449 1998 3530 hostium
2012 3449 2212 3535 Ecclesiae,
2235 3477 2330 3547 pue-

280 3559 376 3646 dies,
397 3570 433 3629 et
446 3557 521 3627 fere
534 3555 658 3626 eodem
674 3568 855 3626 momento
868 3555 1057 3648 temporis,
1084 3579 1156 3650 quo
1170 3566 1275 3626 natus
1328 3577 1461 3648 nasque
1476 3553 1608 3640 differt,
1627 3556 1741 3626 donec
1755 3557 1912 3628 collectis
1927 3556 2060 3648 granis,
2086 3556 2206 3650 paleas
2223 3581 2329 3627 com-

280 3675 352 3747 est,
382 3657 567 3752 expiravit.
628 3653 729 3728 Vivit
750 3669 870 3730 autem
895 3657 988 3744 iam,
1020 3657 1094 3726 vita
1116 3655 1275 3736 meliore,
1327 3657 1446 3728 burat.
1485 3651 1554 3725 His
1569 3657 1665 3726 enim
1680 3658 1845 3744 sublatis,
1870 3661 1932 3753 qui
1946 3683 2010 3730 sua
2023 3659 2215 3732 autoritate
2227 3659 2328 3729 mul·

281 3785 356 3835 uon
378 3760 532 3854 amplius
554 3759 593 3828 in
614 3753 755 3830 scholae
772 3759 974 3842 laboribus,
1000 3759 1132 3854 quibus
1147 3759 1196 3830 ita
1219 3780 1276 3828 as-
1328 3757 1521 3856 titudinem
1551 3757 1591 3828 in
1620 3759 1737 3830 officio
1765 3761 1987 3847 retinebant,
2022 3761 2211 3854 disciplina
2241 3785 2326 3831 cor-

280 3876 500 3948 suetnserat,
524 3875 625 3933 utne
639 3875 818 3954 postremo
836 3862 981 3957 quidem
996 3861 1089 3932 vitae
1102 3874 1275 3952 tempore,
1328 3861 1523 3956 rumpitur,
1549 3875 1584 3933 et
1607 3863 1707 3932 frena
1729 3863 1896 3934 laxantur
1913 3864 2177 3956 cupiditatibus
2230 3860 2329 3934 Inde

281 3982 386 4061 atque
407 3964 559 4036 articulo
584 3966 841 4055 propemodum
863 3965 991 4035 mortis
1013 3965 1173 4034 deserere
1194 3963 1276 4034 illos
1327 3963 1449 4034 fatales
1466 3963 1653 4036 imminere
1677 3965 1912 4054 calamitates,
1936 3966 2056 4061 quivis
2078 3966 2178 4038 facile
2201 3977 2327 4058 potest

282 4069 453 4140 voluerit:
479 4065 551 4138 Sed
567 4065 607 4134 in
624 4066 766 4137 coelesti
789 4060 928 4147 schola,
951 4068 996 4136 ad
1014 4089 1121 4160 quarn
1138 4066 1275 4134 dudum
1328 4065 1496 4140 iudicare.
1745 4082 1748 4093 ¹
2138 4089 2142 4095 ·

282 4193 320 4242 se
334 4169 475 4240 evocari
487 4167 732 4240 ardentissime
747 4167 860 4261 petiit.
899 4159 942 4237 lu
956 4191 1026 4261 qua
1039 4167 1173 4239 fruitur
1186 4191 1275 4237 con·
1316 4237 1321 4244 ,

1328 4212 2329 4410 8ιΑ

282 4470 405 4556 Noah,
449 4466 635 4559 Abrahae,
680 4468 961 4566 Prophetarum,
1000 4469 1275 4567 Apostolorum,
1328 4422 1468 4496 ‘imm‘
1519 4422 1596 4494 Nec
1611 4445 1725 4494 πω
1750 4424 1820 4496 fnit
1836 4437 1944 4547 ”²⁸⁸5
1995 4423 2101 4546 1pr
2102 4427 2200 4498 “⁰¹¹⁸
2224 4427 2327 4498 enlm

232 4587 247 4606 '
282 4601 436 4673 quorum
454 4575 582 4666 scripta
598 4572 781 4668 amplexus
796 4587 867 4663 est,
891 4591 927 4648 et
943 4576 1157 4647 doctissimis
1171 4599 1276 4646 enar·
1329 4521 1532 4596 G⁰¹h⁰m¹⁰
1546 4521 1675 4611 R⁰¹¹¹³³
1699 4538 1886 4620 P⁰⁸lq¹¹³¹¹¹
1902 4528 2049 4600 b¹01¹¹¹¹0
2065 4529 2206 4600 obsesso
2221 4543 2329 4616 esset,

282 4680 484 4752 ,monim
502 4677 713 4758 plump„
740 4675 907 4764 patrum,
931 4691 966 4754 e,
981 4673 1186 4750 Reverendi
1205 4677 1275 4747 viri
1327 4641 1427 4720 capta
1444 4639 1514 4714 est,
1541 4623 1650 4698 ltalia
1662 4627 1790 4698 misere
1806 4629 2022 4716 dilacerata,
2046 4644 2082 4703 ct
2098 4641 2244 4706 vastata.

283 4778 331 4854 D.
353 4779 399 4856 D.
424 4779 578 4852 Martini
600 4774 771 4865 Lutberi,
786 4817 789 4828 ·
803 4804 884 4850 cum
912 4804 983 4874 quo
1008 4803 1121 4854 annos
1148 4780 1275 4871 viginti
1429 4773 1546 4850 Obitu
1558 4773 1709 4850 Lothexi
1721 4779 1857 4852 bellum
1873 4782 2113 4874 germanicum
2134 4781 2253 4854 statim
2271 4797 2330 4855 est

284 4897 365 4954 octo
388 4881 677 4955 coniunctissime
699 4881 865 4952 interris
888 4881 995 4968 vixit,
1028 4895 1063 4956 et
1087 4885 1133 4953 de
1153 4883 1276 4954 multis
1328 4881 1573 4966 subsecutum,
1599 4893 1634 4951 et
1655 4906 1746 4976 quae
1763 4885 1996 4971 mutationes,
2018 4909 2102 4956 cum
2123 4884 2162 4954 in
2176 4881 2328 4978 Repub'.

285 4984 424 5074 magnis
445 4986 549 5056 rebus
566 4983 728 5080 quotidie
742 4983 907 5056 contulit.
1328 4999 1405 5057 tum
1427 4983 1468 5102 iu
1486 4979 1695 5073 Religione‚
1728 5009 1819 5081 quae
1843 4987 1928 5061 item
1949 4987 2045 5058 mala
2065 4987 2138 5062 sint
2159 5001 2327 5084 sequuta,

1328 5111 1433 5157 nemo
1451 5097 1605 5176 rgnorat.
2156 5117 2160 5122 ·

282 4371 499 4448 dulcissimis
513 4393 735 4443 summorum
756 4367 934 4443 Ecclesiae
950 4368 1149 4443 Doctorum
1165 4371 1276 4457 Adae,

389 5131 490 5208 Dixit
528 5133 652 5221 Plato,
695 5129 966 5227 Philosophiam
1008 5137 1275 5210 meditationem

285 5263 360 5312 esse
393 5236 538 5319 mortis,
579 5237 743 5310 iudicans
776 5237 816 5308 in
850 5262 892 5310 eo
927 5261 1101 5310 summam
1135 5241 1276 5334 sapien·
1429 5233 1509 5312 Etsi
1527 5251 1645 5310 autem
1666 5240 1798 5314 merito
1821 5241 2018 5316 dolendum
2040 5257 2109 5334 est,
2134 5245 2243 5318 talem
2265 5247 2325 5316 vi·

285 5343 372 5416 tiam
397 5339 609 5424 consistere,
643 5340 675 5410 si
703 5343 749 5412 ad
776 5353 929 5412 mortem
951 5341 1155 5414 obeundam
1183 5357 1277 5416 recte
1328 5365 1428 5430 rum,
1452 5336 1521 5413 hoc
1542 5343 1750 5436 praesertim
1772 5355 1951 5437 tempore,
1976 5371 2049 5442 quo
2070 5349 2225 5421 maxime
2243 5349 2325 5422 eius
