4888 5962
141 163 219 248 iis
624 151 634 160 ’·
732 163 1154 260 ρυιιιείιοιιεε
1189 143 1593 246 lcanaiiicaa.
2105 165 2183 244 aii

138 336 239 407 enim
255 337 374 408 deesse
394 336 549 408 nitorem
565 350 600 410 et
616 339 843 430 splendorem
858 339 1015 412 orationi
1028 363 1150 426 meae,
1191 351 1253 424 εει,
1278 363 1349 426 εεε,
1374 364 1466 435 quae
1479 334 1615 414 habent
1629 335 1797 437 Physicas
1812 365 1944 436 causas,
1969 340 2186 416 errationes.

139 462 248 532 quem
262 433 434 511 hiclocus
452 440 614 532 requirit.
662 439 798 516 Partim
820 441 915 512 enim
931 457 1058 514 natura
1081 467 1139 514 re·
1189 437 1265 514 Has
1281 435 1348 512 hac
1363 445 1501 514 ratione
1517 445 1729 536 probamus:

137 553 295 634 pugnat,
328 565 417 634 quae
446 541 539 612 illud
563 539 732 628 floridum
757 545 902 615 dicendi
923 569 1034 635 genus
1062 570 1137 616 non
1293 539 1552 618 Ordinationes
1565 544 1632 616 Dei
1650 545 1689 614 in
1711 559 1839 616 natura
1854 547 2061 628 observare,
2085 547 2184 643 pium

137 656 258 736 potest
273 643 423 736 assequi,
449 644 580 738 partim
596 645 789 739 impeditus
804 647 885 720 aliis
899 648 1039 734 studiis,
1062 671 1137 721 non
1189 658 1225 716 ει
1238 645 1325 716 ιιιὶΙε
1342 661 1412 734 εει,
1436 672 1512 718 non
1534 661 1586 720 εει
1601 647 1898 740 superstitiosum.
1948 648 2039 720 Nam
2061 671 2185 742 super-

136 746 360 840 perindeiiie
377 746 584 818 indicendo
600 771 760 822 exercere
777 749 889 842 potui.
942 748 1012 822 Sed
1030 774 1137 820 cona·
1188 747 1324 822 stitiosa
1338 763 1440 836 sunt,
1466 774 1557 844 quae
1570 773 1645 820 non
1660 745 1793 823 habent
1806 773 1928 824 causas
1941 747 2128 848 Physieas,
2150 761 2186 822 ει

136 849 207 928 bor
233 847 409 920 brevitate
437 849 596 945 taedium
620 852 722 924 vobis
749 853 878 926 levare.
938 849 987 924 Ut
1018 867 1135 927 autem
1188 850 1433 950 ordinationes
1450 851 1528 924 Dei.

137 951 395 1024 consuetudini
414 951 526 1022 veteri
546 977 682 1024 morem
704 977 841 1046 geram,
878 953 1066 1045 disputabo
1091 956 1136 1024 de
1289 951 1361 1026 Sed
1378 954 1642 1026 observationes
1656 952 1900 1048 Astrologicae
1915 969 1999 1027 sunt
2015 957 2185 1036 observa-

137 1053 294 1148 quadain
309 1053 534 1147 quaestione,
549 1054 742 1144 ,videlicet,
769 1057 850 1150 quis
866 1057 913 1129 sit
935 1057 1135 1128 intellectus
1187 1055 1302 1126 tiones
1327 1080 1514 1130 causarum
1539 1051 1791 1150 Physicarum,
1815 1082 1905 1152 quae
1929 1061 2013 1130 sunt
2036 1059 2184 1134 ordina-

135 1155 227 1248 legis
246 1148 369 1252 ¹¹)sin
408 1152 449 1228 C.
483 1180 573 1250 quae
606 1153 877 1234 Mathematicus
910 1183 984 1230 non
1018 1160 1135 1230 soloin
1186 1158 1301 1229 tiones
1319 1157 1397 1230 Dei.
1450 1158 1552 1230 Sicut
1572 1159 1792 1232 medicorum
1817 1161 2075 1258 praedictiones
2099 1175 2185 1232 sunt

114 1309 117 1312 -
134 1259 302 1342 damnat,
328 1257 507 1330 sedetiam
525 1258 728 1334 civitatibus
744 1260 860 1348 eiicit,
884 1261 956 1332 imo
972 1275 1006 1332 et
1021 1261 1136 1332 inter·
1186 1261 1451 1331 observationes
1466 1257 1639 1356 Physicae
1652 1285 1837 1331 causarum
1854 1275 1888 1332 et
1901 1263 2100 1348 effectuum,
2125 1287 2183 1332 ce-

134 1361 197 1432 fici
219 1359 328 1430 iubet.
379 1359 453 1432 Nec
477 1360 627 1432 dubium
652 1377 722 1450 est,
754 1365 844 1458 quin
864 1361 939 1434 Lex
965 1363 1135 1457 loquatur
1187 1361 1307 1434 leritas
1323 1364 1488 1454 pulsuum
1506 1364 1546 1432 in
1565 1363 1725 1448 arteriis,
1746 1363 1920 1454 significat
1934 1361 2181 1435 vehementem

134 1464 183 1536 de
198 1461 481 1534 divinationibus
495 1486 557 1553 sen
580 1467 893 1555 praedictionibus.
943 1463 1035 1536 Nam
1056 1490 1134 1536 cae·
1186 1465 1342 1535 calorem
1358 1479 1393 1536 et
1407 1479 1543 1535 motum
1556 1465 1685 1550 cordis,
1708 1463 1802 1536 Nam
1816 1480 1934 1537 motus
1948 1467 2067 1552 cordis
2081 1466 2182 1558 pellit

134 1580 230 1638 teras
255 1579 372 1656 partes
388 1560 669 1654 Mathematum,
694 1563 763 1639 hoc
777 1583 847 1654 est,
874 1563 1133 1642 Arithnieticen
1187 1567 1333 1658 spiritus
1356 1567 1395 1636 in
1418 1567 1575 1639 arterias.
1628 1565 1683 1637 lta
1700 1569 1873 1661 comperit
1885 1563 2097 1658 Astrologus
2113 1567 2182 1638 So-

131 1679 170 1742 et
185 1665 429 1740 Geometriam
446 1668 582 1738 discere
597 1673 781 1761 approbat.
833 1670 926 1742 lllud
948 1670 1059 1760 igitur
1073 1696 1134 1740 ve-
1185 1668 1256 1738 lem
1271 1664 1405 1741 habere
1422 1669 1494 1740 vim
1511 1669 1761 1755 calefaciendi,
1784 1669 1925 1748 Lunain
1941 1666 2182 1752 humectandi.

132 1770 191 1842 nit
205 1771 245 1840 in
260 1769 521 1864 quaestionem:
550 1765 609 1840 Aa
622 1768 687 1844 lex
702 1767 851 1844 damnet
862 1767 1134 1869 praedictiones
1186 1769 1307 1861 Quare
1323 1771 1496 1862 praedicit
1505 1769 1646 1840 Lunam
1668 1772 1709 1840 iri
1729 1777 1808 1841 aere
1822 1785 1857 1843 et
1874 1773 2084 1864 corporibus
2102 1773 2181 1844 ani-

132 1867 424 1965 Astrolopicas?
442 1870 658 1967 Quanquam
673 1889 793 1947 autem
809 1900 850 1946 er
867 1875 982 1946 aliena
997 1873 1133 1966 proles-
1184 1873 1360 1942 manlium
1393 1868 1600 1942 humidiora
1639 1885 1916 1964 temperamenta
1951 1875 2104 1959 efficere,
2143 1887 2181 1944 et

73 2011 78 2020 ‚
132 1976 254 2062 sione,
278 1971 347 2046 hoc
363 1987 433 2062 est,
454 1999 496 2044 eii
509 1975 613 2046 libris
629 1975 956 2051 lureconsultorum
972 1977 1131 2072 quaestio
1184 1975 1355 2066 aprimis
1379 1974 1615 2070 qualitatibus
1638 1977 1813 2046 secundae
1844 1977 2020 2064 oriuntur.
2080 1976 2182 2052 Talis

131 2089 275 2168 sumpta
298 2078 361 2162 sit,
386 2089 507 2151 tamen
524 2077 609 2148 satis
626 2093 780 2168 constat,
806 2105 882 2150 eam
898 2081 943 2152 ad
959 2103 1025 2150 nos
1039 2093 1072 2150 et
1087 2080 1132 2150 ad
1182 2077 1293 2168 igitur
1316 2077 1534 2162 observatio,
1568 2099 1648 2146 cum
1671 2077 1808 2148 oriatur
1830 2101 1851 2150 a
1875 2079 1989 2166 causis
2007 2075 2181 2175 Physicis,

132 2193 260 2252 omnes
288 2173 543 2270 Philosophiae
573 2182 750 2254 studiosos
778 2183 966 2274 pertinere.
1023 2180 1133 2254 Decet
1185 2194 1375 2273 quaesunt
1391 2178 1514 2252 divina
1530 2178 1725 2266 ordinatio,
1747 2180 1807 2272 pia
1824 2193 1892 2265 est,
1915 2195 1949 2252 et
1962 2182 2060 2253 utilis
2075 2182 2180 2259 vitae.

132 2282 231 2353 enini
248 2305 314 2352 iios
327 2281 528 2372 intelligere
543 2297 746 2356 nostrarum
763 2287 893 2358 artium
910 2284 1130 2374 dignitatem,
1286 2279 1383 2352 Haec
1399 2281 1491 2350 ratio
1506 2279 1590 2350 satis
1610 2281 1716 2371 plane
1730 2283 1852 2368 docet,
1879 2307 1953 2357 non
1976 2307 2077 2376 posse
2094 2283 2181 2354 siin-

131 2397 167 2458 ct
183 2383 356 2478 qnoniam
372 2379 459 2454 haec
481 2385 538 2454 lex
554 2386 600 2456 ad
617 2411 734 2458 mores
750 2389 922 2479 pertinet,
948 2400 1133 2478 praestan·
1184 2384 1322 2478 pliciter
1338 2381 1524 2476 reprobari
1537 2381 1577 2449 in
1592 2403 1718 2470 genere
1727 2380 1969 2475 Astrologieas
1985 2386 2181 2460 divinatio-

131 2487 221 2558 dutii
241 2499 310 2572 est,
332 2501 373 2556 ut
393 2510 518 2558 omnes
540 2511 617 2558 eam
643 2501 678 2558 et
699 2490 824 2569 norint
839 2503 874 2560 et
886 2504 979 2562 recte
995 2488 1129 2558 intelli·
1183 2510 1258 2560 nes.
1310 2485 1351 2557 Si
1379 2486 1442 2581 qui
1473 2483 1732 2574 praedictiones
1762 2487 1971 2578 simpliciter
1996 2489 2181 2575 damnant,

128 2603 229 2680 gant.
285 2585 377 2660 Cum
398 2601 516 2660 autern
540 2587 815 2664 iurisconsultus
838 2592 988 2664 maxime
1009 2591 1133 2664 deceat
1182 2601 1313 2678 negant
1334 2589 1450 2658 lucem
1473 2585 1647 2672 calidum,
1681 2587 1869 2680 frigidum,
1902 2584 2092 2662 humidum
2118 2604 2179 2660 aut

131 2715 240 2762 suurn
255 2690 382 2784 cuique
400 2691 575 2778 tribuere,
600 2717 675 2762 non
690 2695 862 2766 arcebunt
884 2718 949 2766 nos
964 2718 985 2764 a
999 2693 1130 2766 uostris
1182 2691 1313 2762 siccum
1330 2711 1423 2771 esse,
1450 2713 1521 2782 quo
1538 2687 1625 2780 quid
1642 2701 1692 2760 est
1713 2689 1925 2760 absurdius?
1952 2689 2027 2760 lam
2045 2692 2075 2762 si
2093 2716 2180 2761 con-

131 2792 274 2864 artibus
294 2791 484 2864 interdicto
505 2793 648 2889 aliquo,
669 2820 741 2889 quo
761 2797 882 2868 minus
901 2805 1024 2868 contra
1041 2820 1132 2889 quo·
1184 2795 1317 2870 cedunt
1333 2793 1454 2862 lumen
1471 2789 1646 2875 calidum,
1670 2791 1863 2882 frigidum,
1888 2786 2091 2878 humidum,
2118 2807 2179 2864 aut

129 2895 286 2966 tundam
314 2895 550 2988 interpretum
580 2898 768 2989 opiniones
791 2899 1023 2971 defendamus
1045 2921 1130 2989 pos·
1183 2895 1314 2965 siccum
1339 2917 1430 2975 esse,
1452 2891 1555 2964 fateri
1579 2915 1718 2962 necesse
1738 2907 1809 2979 est,
1838 2895 1933 2987 quod
1957 2895 1995 2962 in
2012 2900 2111 2976 edre,
2138 2895 2178 2964 in

128 2996 325 3068 sessionem
357 3009 529 3074 nostram.
593 2996 805 3072 Aristoteles
840 3001 979 3096 inquit,
1013 2999 1130 3072 beatas
1181 2997 1391 3090 corporibus
1419 2994 1656 3064 animantium
1685 2995 1817 3066 similes
1841 2995 2027 3088 qualitates
2052 2997 2178 3088 pariat.

127 3100 208 3170 fore
230 3113 343 3188 artes,
368 3100 398 3170 si
421 3102 465 3170 de
482 3099 532 3172 cis
552 3102 701 3174 artifices
721 3103 940 3193 iudicarent,
966 3115 1002 3174 et
1022 3102 1129 3173 iuris·
1181 3097 1221 3170 si
1243 3099 1306 3194 qui
1331 3111 1414 3172 sunt
1443 3095 1608 3180 effeetus,
1637 3119 1701 3167 cur
1723 3097 1923 3168 observatio
1945 3099 2179 3192 improbatur,

128 3201 288 3272 consulti
309 3202 379 3294 ipsi
393 3203 542 3292 docent,
565 3205 610 3274 de
624 3205 774 3294 singulis
788 3195 925 3276 artibus
938 3205 1131 3276 consulen—
1181 3221 1260 3271 cuni
1277 3203 1366 3271 ordo
1389 3222 1595 3281 causarum,
1622 3211 1656 3268 et
1670 3199 1859 3271 effectuum
1882 3201 1928 3271 sit
1942 3201 2064 3271 divina
2080 3203 2179 3272 ordi-

125 3305 194 3374 dos
210 3325 286 3372 esse
298 3303 457 3376 artifices.
511 3302 631 3394 Quare
647 3331 769 3400 spero,
793 3331 853 3379 eos
868 3308 1024 3380 libenter
1041 3330 1128 3378 con-
1180 3303 1301 3374 natio?
1328 3301 1639 3392 Quemadmodum
1656 3317 1779 3375 omnes
1793 3303 2014 3394 praedicunt,
2031 3305 2177 3395 langue-

126 3427 292 3476 cessuros
319 3429 393 3478 esse
416 3399 665 3500 Philosophis,
692 3423 733 3480 ut
762 3411 807 3481 de
838 3425 935 3502 parte
962 3404 1130 3480 Philoso-
1182 3418 1301 3475 scente
1317 3405 1435 3498 pulsu,
1460 3427 1523 3473 cor
1536 3403 1747 3492 languidum
1763 3428 1848 3478 esse.
1886 3403 1977 3476 Nam
1996 3431 2036 3476 ex
2052 3407 2178 3479 effectu

123 3503 237 3600 phiae
265 3531 341 3580 non
365 3511 628 3580 contemnenda
657 3512 898 3604 pronuncient
926 3511 1009 3605 ipsi.
1068 3509 1128 3582 Sic
1180 3529 1284 3578 causa
1305 3506 1495 3577 iudicatur.
1546 3503 1607 3575 Sic
1629 3505 1763 3576 iudicat
1782 3504 2018 3600 Hippocrates
2040 3511 2177 3580 foetum

124 3610 241 3702 igitur
265 3611 392 3684 sentio.
999 3656 1007 3668 ι
1179 3609 1307 3680 abortu
1326 3607 1425 3694 eiici,
1450 3629 1530 3676 curn
1547 3619 1710 3676 arescunt
1724 3609 1852 3689 ubera,
1880 3611 1977 3680 deest
1989 3611 2084 3678 enim
2100 3611 2177 3680 soe·

216 3759 316 3831 ΠΙ
361 3759 467 3832 qm.
511 3761 591 3831 cod.
738 3763 759 3833 d
888 3764 898 3782 .
1000 3762 1036 3832 d.
1074 3763 1084 3780 .
1179 3711 1232 3781 tni
1255 3711 1526 3782 nutrimentum.
1577 3704 1649 3777 Hic
1668 3709 1901 3779 ratiocinatur
1922 3713 1967 3780 de
1989 3711 2116 3798 effectu
2134 3737 2175 3782 er

254 3785 287 3831 ¹⁸
318 3785 372 3854 ⁸3¹
424 3785 495 3832 ⁸¹¹¹
580 3785 632 3832 ¹⁰⁶
648 3787 724 3833 ¹¹⁰³
763 3787 900 3834 ‘mmm
915 3787 999 3855 pm
1026 3777 1128 3833 Μ’
1179 3837 1293 3888 causa.
1326 3811 1464 3884 Harum
1479 3809 1765 3902 praedictionum
1779 3811 1882 3897 ratio,
1895 3814 1926 3882 si
1940 3814 1996 3884 cui
2012 3814 2058 3884 sit
2071 3814 2175 3903 igno-

122 3889 192 3935 nes
206 3861 470 3954 Astrologicas,
497 3865 558 3933 sed
579 3875 718 3935 tanturn
743 3865 843 3952 illas,
865 3889 955 3960 quae
971 3859 1128 3934 nonha-
1177 3927 1233 4000 ta,
1261 3915 1434 3998 iudqfflbit
1456 3908 1521 3982 has
1543 3935 1685 4005 quoque
1707 3913 1859 4002 magicas
1882 3935 1965 3986 me·
2015 3913 2174 3986 Numero

121 3969 216 4040 bent
232 3987 354 4038 causas
375 3979 439 4038 aut
457 3965 614 4036 rationes
631 3961 815 4062 Physicas,
841 3992 931 4062 quae
953 3979 1128 4038 vocantur
1180 4017 1225 4036 ..
1303 4017 1313 4036 .
1411 4009 1519 4086 Ph.
1686 4015 1770 4084 d„
1920 4017 1930 4036 ‚
2015 4013 2042 4088 ἃ
2119 4017 2130 4086 ¹

123 4095 147 4140 a
170 4067 377 4139 ptolemaeo
402 4065 722 4167 pyamopoymp,
758 4072 881 4164 quales
905 4083 989 4140 sunt
1014 4092 1128 4160 θηεῦ-
1178 4032 1287 4107 igitur
1303 4031 1397 4088 inter
1466 4035 1579 4110 ysicus
1600 4037 1684 4106 prae
1712 4027 1859 4086 ictiones
1883 4031 1989 4088 etiarn
2008 4071 2021 4089 .
2043 4030 2116 4088 stro
2134 4043 2175 4089 u-

336 4172 346 4190 .
386 4173 394 4190 .
1036 4169 1045 4190 .
1178 4121 1284 4210 gicas.
1336 4117 1428 4190 Nam
1448 4111 1516 4187 hae
1536 4140 1679 4212 quoque
1702 4130 1785 4189 sunt
1807 4119 2174 4191 observationescau-

120 4194 210 4243 rum
226 4173 495 4263 praedictiones,
518 4182 554 4242 ει
566 4171 690 4266 qiiales
704 4186 788 4243 sunt
803 4173 935 4244 inultae
950 4173 1127 4292 admixtae
1178 4245 1296 4293 samm
1314 4235 1348 4292 et
1365 4221 1565 4290 effectuum·

121 4271 380 4364 Asnotogieis,
413 4287 454 4344 ut
478 4297 559 4344 cum
585 4273 751 4346 divinant
773 4299 814 4344 ex
837 4275 1126 4365 interrogationis
1279 4321 1471 4396 &dmum
1495 4323 1706 4408 reclamant,
1733 4324 1928 4418 etquidem
1945 4325 2173 4395 „5320an

120 4391 305 4498 iempmi
330 4399 410 4447 mm
427 4375 693 4468 p⁰lli⁰⁰nmr⁸⁹
708 4378 843 4464 ‘ada’
869 4389 930 4447 ³¹¹²
946 4379 1125 4498 mimum
1176 4427 1322 4496 meliose
1352 4423 1532 4518 accipiunt
1551 4417 1780 4516 Astrologos,
1812 4441 2090 4496 commemorant
2113 4449 2174 4496 eos

121 4492 274 4654 milei
293 4481 514 4602 mimium
537 4499 629 4560 Μ’
664 4477 975 4600 Quem‘idmimi
999 4503 1039 4548 ¹¹¹
1062 4479 1126 4547 ἅθ’
1177 4552 1278 4622 saepe
1300 4527 1377 4599 salli
1399 4530 1438 4597 in
1460 4527 1719 4619 praedicendo,
1750 4540 1953 4600 monstrant
1973 4549 2075 4618 saepe
2096 4527 2171 4597 dis-

238 4607 249 4650 ¹
277 4605 318 4652 ⁰⁸
338 4605 416 4652 ¹⁰¹²
434 4584 626 4653 ‘immun'
645 4583 824 4668 ⁸³⁰⁸¹d⁰⁸’
850 4607 913 4676 ‘³¹¹¹
934 4580 1126 4652 ”mummi
1176 4633 1307 4702 sentire
1327 4643 1514 4724 praecepta
1530 4642 1566 4699 et
1583 4629 1735 4719 iudicia,
1762 4629 1917 4702 afferunt
1932 4629 2036 4700 etiarn
2056 4653 2173 4699 exem-

121 4707 163 4756 *θ
187 4709 231 4754 ⁰¹
254 4679 459 4754 A⁸¹i⁰l³ffi⁰
483 4707 670 4777 ‘inmte’
698 4685 879 4776 qu⁰¹⁰⁰d⁰
904 4679 1125 4774 deprehendi
1175 4735 1234 4826 pla
1256 4732 1448 4804 illustrium
1473 4732 1655 4818 virorum,
1689 4733 1752 4826 qui
1775 4731 2053 4822 contempserint
2079 4726 2172 4802 hanc

120 4800 271 4881 possent
293 4788 400 4858 furta.
453 4785 560 4856 Tales
585 4784 695 4876 igitur
720 4786 998 4878 supersticiosas
1020 4808 1125 4904 prae:
1173 4837 1386 4908 doctrinm
1432 4828 1587 4905 Addunt
1604 4827 1672 4904 hoc
1687 4857 1829 4928 quoqu,
1844 4833 1975 4928 ,iquid
1994 4833 2175 4905 numm,

118 4889 301 4961 dictiones
318 4887 482 4959 damnari
501 4889 574 4958 illis
587 4887 724 4980 legibus
741 4888 876 4974 sentio,
899 4911 988 4982 quas
1005 4887 1124 5008 stipsi
1173 4935 1308 5024 Am,
1331 4935 1443 5008 adimi
1458 4936 1635 5008 voluntati
1655 4935 1808 5010 liberum
1831 4935 2018 5010 delectum⁸
2070 4933 2173 5006 fleu,

119 4985 341 5084 Philosophi
373 4991 589 5082 improbant.
649 4987 719 5062 Sed
757 4991 903 5086 quidam
936 4989 1049 5084 inepti
1083 5014 1123 5058 in
1173 5041 1248 5110 rico
1287 5064 1322 5110 se
1350 5039 1439 5112 timo
1471 5034 1530 5109 An
1556 5037 1625 5109 qm
1734 5038 1744 5057 .
1810 5037 1930 5108 uidam
1962 5038 2107 5110 mmo
2157 5059 2174 5107 ⁸

121 5117 255 5186 genere
283 5095 457 5165 damnant
484 5093 744 5186 praedictiones
764 5083 1123 5186 Astrologieanhoc
1171 5062 1570 5234 mommppmdimit
1591 5163 1634 5212 ω
1655 5060 1752 5212 δῖε)
1778 5061 2003 5231 ameum,
2029 5059 2170 5214 Rege!

120 5261 355 5283 ······“······
1171 5267 1209 5314 ιε
1225 5256 1347 5330 vocat,
1371 5243 1585 5333 interrogat,
1609 5241 1718 5314 insit
1734 5239 1972 5334 Astrologus?
2009 5237 2171 5332 lllespe-

157 5371 193 5439 *i
214 5371 268 5430 iiie
279 5371 378 5444 inspic
391 5381 455 5428 iai.
469 5371 554 5429 cone
1171 5367 1255 5418 rans
1271 5369 1308 5418 se
1322 5347 1483 5418 futurum
1497 5345 1536 5417 in
1551 5343 1688 5417 maiore
1701 5345 1826 5438 gratia
1848 5345 1899 5418 ait
1915 5367 1952 5417 se
1966 5365 2043 5414 eam
2057 5355 2171 5416 artem
