4896 5974
137 157 214 230 618

107 359 109 364 ⁴
141 321 189 394 At
205 321 371 416 quamvis
384 322 491 394 orbes
506 321 629 394 satalia
646 334 805 416 tempora
818 337 971 416 mutant,

190 425 237 498 Et
256 426 393 495 coelum
413 425 524 515 patria
546 438 599 494 est
614 427 718 496 uuica
734 428 832 496 firma
848 429 932 517 piis:

799 208 801 213 .
864 151 1192 245 canutuuu
1241 165 1351 247 bili.
1377 169 1457 252 tlt.

2097 199 2174 278 ott

1932 363 2015 446 (eod.
2031 381 2127 460 temp.
2135 372 2173 455 Ρ)

1952 461 2162 504 κον»

139 526 291 598 llieubi·
311 547 451 618 semper
472 530 540 597 erit
555 526 648 598 Deus
662 529 779 596 oumia
798 528 834 596 iu
850 531 1016 604 omuibus
1030 533 1147 622 idem,¹
1249 535 1331 606 ΛΡΜ
1347 535 1473 595 vincens.
1491 559 1518 610 t·
1533 543 1627 616 Νῶε·

192 629 287 700 brice
302 652 362 699 sus
381 641 517 698 mentes
533 629 736 722 iustitiaque
754 631 909 718 replens:

137 727 302 804 Motibus
318 730 482 800 intentis
498 743 621 800 tamen
634 725 718 818 baec
734 731 876 821 Argelia
887 748 1007 822 restat,

187 832 349 906 Possidet
366 845 399 900 et
415 833 522 900 deens
538 826 606 900 hoc
619 833 663 900 de
682 832 839 902 bonit-ate
853 830 932 908 Dei.

137 933 215 1005 Lux
230 931 419 1022 Evangelii
435 937 531 1028 quod
549 933 586 1000 in
604 934 667 1002 ista
682 938 861 1022 ‘spargitur
875 937 978 1024 urbe,

187 1035 279 1106 Cum
294 1060 363 1128 qua
382 1057 521 1126 semper
535 1037 632 1104 adest
649 1033 762 1106 Filius
777 1037 852 1124 ipse
865 1033 943 1106 Dei.

138 1136 242 1210 letius
260 1131 318 1205 bic
332 1137 431 1206 corbis
446 1137 509 1207 Sol
525 1149 593 1220 est,
621 1130 678 1206 hie
692 1138 827 1227 colligit
841 1161 979 1227 agmen,

189 1238 348 1308 iustitiae
362 1237 479 1313 radids
493 1239 549 1308 cui
566 1239 626 1306 dat
640 1234 770 1308 habere
786 1263 878 1308 snae.

135 1341 255 1414 Donat
270 1356 303 1408 et
319 1355 481 1410 aeternae
497 1340 789 1411 cunctiserordia
805 1343 907 1427 vitae,

188 1442 342 1514 lustiiica
356 1441 536 1532 accipiunt
550 1443 610 1536 qui
627 1443 721 1514 bona
733 1455 829 1514 tanta
847 1443 927 1528 fide,

134 1545 205 1616 Hic
221 1543 345 1638 populi
361 1543 475 1613 frenat
490 1543 607 1634 legum
622 1546 817 1614 reverentia
833 1569 960 1628 mores,

183 1643 231 1718 Et
247 1668 392 1715 censius
409 1645 523 1734 gravis
540 1645 658 1736 turpia
671 1646 761 1714 faeta
777 1658 885 1716 notat.

136 1751 238 1820 Adde
253 1755 347 1841 quod
365 1747 540 1816 imbuitur
553 1747 735 1815 doctrinae
750 1747 839 1816 lacte
859 1751 1037 1835 iuventus,

185 1847 230 1920 Et
249 1850 365 1937 legita
382 1873 520 1918 summo
537 1847 664 1916 tradita
684 1847 812 1936 scripta
828 1845 916 1920 Deo.

133 1951 229 2022 llaec
245 1951 376 2022 teneris
392 1949 520 2018 animis
535 1949 690 2018 ostendit
705 1949 808 2018 lectio
826 1944 1019 2036 Christum,

185 2051 231 2123 Et
247 2076 339 2120 nova
356 2049 538 2120 Virtutum
554 2050 687 2119 semina
705 2073 822 2140 sparsa
839 2051 944 2124 fovet.

134 2155 378 2248 Saxoniaeque
394 2152 530 2245 aliquot
545 2149 705 2220 Ducibus
726 2153 951 2220 nascentibus
964 2169 1046 2226 ortu

185 2255 224 2325 ln
241 2256 358 2346 primo
375 2249 568 2344 hospitium
583 2251 701 2343 'l'orga
718 2254 820 2320 fidele
836 2254 944 2326 dedit

131 2349 349 2428 blidericus
362 2357 502 2448 sapiens
524 2353 685 2444 princeps
700 2349 765 2423 hac
775 2367 776 2372 ’
786 2365 890 2424 natus
900 2355 944 2422 'in
958 2359 1046 2429 urbe
1061 2375 1123 2448 est,

185 2459 385 2528 Promeruit
402 2457 532 2548 patriae
547 2457 608 2548 qui
626 2469 725 2546 pater
741 2479 814 2532 esse
829 2479 921 2524 suae.

132 2560 293 2634 Consilio
309 2561 424 2653 qualis
440 2559 567 2627 Nestor
581 2558 649 2627 fuit
667 2557 760 2626 iuter
778 2553 946 2637 Achivos,

183 2661 392 2734 'l'eutouicis
408 2661 560 2729 ducibus
576 2658 704 2728 Nestor
717 2673 752 2726 et
769 2659 833 2727 iste
847 2659 925 2728 fuit.

132 2762 178 2835 Ec
195 2763 474 2834 eum'doctrinse
492 2761 606 2830 lucem
622 2784 793 2829 renovare
811 2756 968 2840 bertheri,

153 2911 157 2918 ·
182 2864 342 2957 Cepisset
356 2863 495 2954 scriptis
512 2861 625 2930 Filius
644 2862 718 2953 ipse
734 2860 811 2932 Dei.

134 2967 241 3038 istius
257 2968 366 3056 pietas
381 2979 491 3034 tutam
508 2977 543 3034 et
555 2957 884 3032 moderatiosedem

182 3067 366 3136 Concessit
381 3066 506 3136 studiis
522 3067 623 3137 docte
636 3061 791 3134 liuthere
805 3065 885 3134 tuis.
983 3077 986 3084 '

131 3169 288 3240 Nomina
305 3169 439 3262 quique
454 3181 548 3238 tenet
571 3167 699 3257 patris,
725 3167 911 3258 patruique
933 3159 1097 3234 Ioannes

185 3265 402 3340 Fridericus
420 3267 559 3358 Torgae
579 3281 682 3337 natus
699 3267 736 3336 in
753 3293 831 3336 arce
846 3267 925 3339 fuit.

131 3372 203 3446 Cui
219 3395 422 3468 quanquam
439 3369 567 3461 eripuit
585 3369 732 3460 patriam
749 3393 825 3438 sors
840 3390 961 3458 aspera
974 3366 1072 3447 belli,

183 3473 267 3544 Non
284 3473 406 3564 procul
424 3465 509 3540 hinc
524 3469 652 3541 Caesar
667 3497 746 3540 cum
765 3495 828 3540 sua
843 3487 952 3538 castra
967 3471 1072 3554 locet,

134 3576 216 3646 Non
235 3591 356 3646 tamen
371 3573 502 3664 eripuit
516 3573 682 3641 virtutem
700 3586 735 3641 et
752 3585 869 3661 pectus
887 3567 1085 3656 honestum,

156 3767 159 3771 .
191 3677 253 3761 Et,
279 3702 347 3770 qua
364 3673 481 3744 Gnate
501 3674 563 3743 Dei
579 3673 633 3742 Te
650 3674 733 3742 colit
749 3674 841 3761 ipse,
864 3674 980 3746 fidem.

137 3779 233 3870 Ergo
249 3795 281 3848 et
298 3777 431 3847 iudicio
449 3775 592 3843 victoris
608 3774 712 3862 digna
730 3775 849 3841 favore
864 3789 912 3842 est

188 3883 301 3972 ipsius
320 3879 451 3960 virtus,
475 3877 590 3944 nescia
611 3899 779 3967 urensque
795 3874 881 3945 doli.

138 3984 271 4075 Sponte
285 4007 346 4050 sua
364 3979 561 4049 libertatem
578 3977 639 4070 qui
656 3976 812 4045 reddidit
828 3975 906 4060 ipsi,

135 4105 139 4112 ‘
187 4079 265 4154 Hoc
283 4095 454 4176 quantum
472 4082 578 4148 decus
595 4093 645 4146 cst
663 4073 736 4146 Ian
751 4069 939 4144 Friderice
954 4075 1043 4143 tibi?

140 4184 196 4257 Ah
209 4189 353 4256 taudem
369 4178 561 4252 lachrimas
578 4181 722 4249 vincant
739 4179 865 4267 pietate
880 4178 1040 4258 fluentes,

187 4287 236 4360 Ut
250 4285 426 4358 Dominae
440 4285 567 4353 reddas
582 4281 714 4371 optime
730 4275 870 4352 Christe
885 4279 1022 4353 virum*

139 4388 246 4461 Exilii
263 4409 456 4458 numerans
474 4407 563 4476 quae
576 4385 646 4452 iam
664 4382 846 4452 contabuit
864 4404 988 4464 annos,

188 4485 349 4562 Dulichii
364 4488 519 4558 coniunx
537 4509 601 4554 ceu
621 4507 788 4574 generosa
804 4482 885 4554 viri.

140 4591 186 4663 At
202 4593 290 4662 vivit
305 4607 421 4661 tamen
440 4604 474 4658 et
492 4603 631 4678 superat
646 4587 749 4674 longe
767 4582 947 4666 leasiotin,
1058 4647 1061 4654 ,

187 4693 346 4766 Confidit
358 4705 497 4762 tantum
513 4713 595 4758 nam
611 4687 768 4758 bonitate
783 4699 854 4756 tue.
921 4740 927 4749 .

138 4795 264 4870 Redde
279 4809 414 4888 patrem
428 4790 527 4862 Notis
542 4789 591 4858 sic
604 4786 871 4886 expectantibus
885 4784 1014 4878 ipsum,
1072 4815 1075 4821 Δ

189 4898 239 4972 Ut
254 4897 332 4967 vult
346 4888 581 4966 Telemachus
595 4911 696 4980 posse
713 4889 833 4956 videre
851 4897 995 4977 patrem.

139 4999 213 5090 Qui
229 4997 526 5092 reliquoslratres
542 4993 647 5063 sonis
664 4989 857 5080 praecedit,
884 4999 916 5056 et
934 4984 1006 5074 ipsi·

191 5100 356 5171 Nasceuti
373 5095 567 5189 hospitium
583 5091 842 5182 Torgaelidele
854 5087 964 5168 dedit*
1063 5133 1067 5142 .

115 5203 243 5274 lianc
260 5203 407 5286 urbem,
433 5212 612 5289 totamque
630 5213 729 5266 oram
752 5205 811 5262 tua
827 5193 966 5260 dextere
981 5198 1106 5272 servet,

189 5305 337 5398 Sempai·
353 5283 460 5372 ethic
475 5303 613 5369 coetum
627 5297 752 5385 collige
769 5287 909 5380 Christe
924 5289 1017 5382 tibh,
1034 5363 1038 5376 ,

1331 700 1377 766 ln
1391 697 1620 808 oppidumet
1634 727 1763 780 urcem
1782 715 2015 810 Torpensem.

1181 821 1285 896 Unde
1301 828 1345 918 sit
1363 824 1446 900 huie
1463 835 1562 930 urbi,
1588 863 1751 930 quaeres,
1776 839 1919 936 Argelia
1938 875 2080 943 nomeu,

1231 924 1336 1016 Quod
1356 932 1399 999 de
1416 929 1599 1005 Phoebaea
1619 935 1766 1012 Graecia
1788 946 1864 1016 luce
1879 947 2014 1023 trahit?

1178 1021 1228 1097 Ut
1244 1031 1397 1124 reliquas
1412 1037 1533 1103 stellas·
1544 1039 1691 1127 irrigeuti
1710 1047 1847 1116 himine
1858 1052 1981 1138 vineit,

1229 1127 1331 1200 Unus
1349 1145 1383 1203 et
1398 1137 1542 1210 adducit
1558 1139 1639 1226 Sol,
1667 1141 1870 1243 revehitque
1889 1153 1999 1225 di'em:

1177 1229 1237 1301 Sic
1254 1250 1418 1324 superant
1434 1237 1566 1308 formae
1581 1243 1714 1316 vicinas
1731 1247 1807 1319 luce
1826 1256 1973 1340 puellae,

1229 1331 1326 1421 Quas
1342 1339 1427 1405 rrrbs
1443 1340 1488 1406 de
1504 1336 1638 1412 Phoebi
1658 1347 1791 1419 lumine
1807 1354 1900 1424 dicta
1920 1359 2023 1446 parit.

1176 1428 1343 1504 Attamen
1362 1432 1447 1508 baec
1461 1441 1576 1512 maior
1599 1443 1674 1516 laus
1691 1465 1760 1531 est,
1787 1454 1914 1542 pietate
1929 1463 2023 1552 quod
2046 1461 2139 1535 inter
2206 1441 2209 1448 ’

1217 1535 1432 1632 ¹llotitiaque
1451 1542 1536 1610 alias
1552 1548 1683 1620 eminet
1702 1551 1767 1622 ista
1785 1551 1864 1630 Dei.

1174 1629 1223 1707 Et
1238 1641 1298 1730 qui
1316 1637 1499 1734 Mysorum
1519 1649 1656 1736 populis
1670 1653 1757 1722 dant
1772 1655 1869 1725 mitia
1886 1659 1976 1746 iura,
2047 1733 2049 1736 ,

1226 1737 1268 1808 ln
1286 1741 1360 1830 ripa
1379 1738 1443 1813 hac
1459 1745 1570 1834 posita
1587 1764 1637 1818 est
1652 1750 1802 1824 Albidos
1816 1759 1895 1828 aula
1914 1761 2062 1841 uncum.

1065 1857 1066 1862 ’
1146 1845 1152 1924 1
1173 1836 1271 1910 Haec
1288 1857 1347 1912 tua
1365 1859 1467 1932 gnate
1481 1843 1546 1921 Dei
1564 1851 1730 1924 defendat
1750 1859 1888 1928 moenia
1906 1866 2036 1950 dextra,

1225 1941 1373 2034 Semper
1388 1960 1422 2016 et
1439 1947 1476 2016 in
1491 1953 1624 2040 populo
1641 1948 1708 2026 boc
1721 1956 1800 2026 laus
1814 1973 1872 2031 tue
1888 1989 1969 2034 vera
1984 1983 2096 2044 sonet.

1168 2147 2157 2198 Μ

1172 2257 1241 2350 Νο.
1255 2277 1344 2354 262.

1193 2373 1328 2400 Μ

1923 2379 1926 2386 ¹
1998 2328 2047 2374 en.
2067 2309 2161 2382 1562.

2006 2401 2154 2426 m

1242 2479 1350 2552 Scripta
1362 2481 1437 2553 publ.
1452 2479 1579 2542 Wlttels
1592 2483 1613 2540 l.
1630 2503 1656 2557 p.
1667 2485 1728 2546 489.
1743 2499 1770 2546 et
1781 2497 1852 2566 epod
1868 2499 1997 2559 vincent.
2011 2523 2037 2576 p.
2051 2508 2119 2566 ssis

1458 2645 1617 2717 umttee
1638 2651 1877 2742 θοοονααὲαε,

1366 2747 1530 2832 Philippus
1549 2750 1739 2820 Melanthea.
1777 2764 1840 2838 (en.
1858 2766 1969 2849 lost.)
2101 2834 2103 2838 .

1167 2869 1296 2969 Ῥῆνος
1309 2871 1382 2947 ἀπὸ
1396 2870 1572 2973 ζεφύρου,
1589 2875 1763 2978 βτύύροιο
1771 2883 1813 2958 δὲ
1825 2891 1980 2988 ῥεῖθρον
1987 2893 2051 2968 ἀπ’
2059 2895 2131 2993 ἠοῖ
2131 2929 2160 2988 ς,

1225 2971 1432 3069 Ιερμύνων
1458 2987 1651 3072 κρατερῶν
1663 2989 1785 3108 μαῖαν
1807 2985 1918 3084 ὁρίζει
1943 2991 2041 3090 ὅλην.

1169 3073 1353 3169 ’tepescat
1378 3073 1415 3202 ρ’
1440 3078 1563 3162 dilatem
1583 3108 1778 3179 νιφοεσσαι
1802 3089 1894 3186 πρὸς
1916 3090 2030 3172 νότον
2049 3099 2162 3178 εἰσίν·

1195 3177 1275 3260 ¹²lle
1295 3177 1436 3275 βορεαν
1457 3176 1627 3274 πύματος
1644 3185 1820 3280 βαλτικὸς
1848 3191 2021 3281 ὠκεανός.

1173 3294 1323 3370 Rhenus
1338 3299 1383 3367 ab
1399 3323 1541 3386 occasu,
1567 3301 1691 3372 Viadri
1707 3307 1768 3377 sed
1783 3309 1917 3383 flumen
1932 3318 1977 3388 ab
1992 3335 2073 3394 ortu

1224 3397 1438 3470 Clauserunt
1454 3402 1541 3470 fines
1553 3401 1716 3475 Teutone
1732 3421 1823 3480 terra
1841 3429 1932 3490 tuos.
2075 3379 2085 3410 ’

1175 3495 1371 3591 Aiiriaeque
1386 3497 1496 3592 Alpes
1508 3502 1678 3576 immotus
1695 3507 1796 3580 limes
1813 3517 1855 3582 ad
1877 3513 2059 3608 Austmm,

1225 3600 1381 3670 Balticus
1394 3605 1436 3670 ad
1454 3599 1605 3672 Boream
1624 3609 1789 3680 terminat
1803 3639 1965 3688 oceanus.

1508 3789 1570 3857 Vel
1590 3801 1651 3860 elio
1673 3788 1831 3890 modo'):
1906 3842 1909 3850 ·

1173 3919 1223 3999 εἷς
1246 3915 1302 4012 ἠῶ
1320 3913 1495 4016 βίαδρος,
1523 3917 1646 4015 ῥείνου
1670 3922 1762 4020 πρὸς
1778 3923 1961 4022 (tadmor
1980 3934 2109 4030 ὄχθαι,

1224 4015 1424 4118 γερμάνων
1440 4027 1567 4116 ’χώρας
1586 4023 1751 4120 τέρματα
1775 4027 1852 4102 ἐστὶ
1876 4030 1971 4130 ὅλης.

1173 4119 1359 4216 στηρίχθη
1385 4118 1421 4195 d¹
1441 4121 1545 4218 ἕρκος
1565 4121 1762 4224 νιφόεσσαι
1776 4129 1868 4226 πρὸς
1881 4131 2003 4214 νόθον
2026 4141 2160 4234 ἅλμας,

1225 4223 1260 4303 ἐς
1279 4221 1420 4320 βορέαν
1441 4219 1611 4319 νεύματος
1630 4223 1815 4324 βύλθικος
1832 4233 2006 4331 ὠκεανός.

1246 4405 1275 4456 lo
1293 4404 1459 4520 autopnpbo
1480 4405 1546 4489 M.‘¹'
1568 4407 1595 4461 in
1617 4410 1681 4492 eod.
1701 4410 1785 4468 liebd.
1803 4415 1962 4488 veniales..
1991 4421 2161 4496 descriptum

1274 4490 1297 4524 a.
1312 4476 1338 4526 δ.
1374 4475 1539 4542 octauum,
1558 4476 1623 4532 baec
1638 4497 1677 4532 ere
1694 4479 1837 4552 leguntur:

1175 4578 1239 4657 Ele
1259 4573 1315 4670 ἠῶ
1338 4573 1522 4698 litatione,
1547 4581 1662 4675 ῥῆνοο
1684 4579 1723 4656 d’
1749 4584 1822 4660 dud
1843 4587 2023 4682 βοολίτον
2044 4593 2161 4690 ὄχθαι

1225 4681 1432 4772 Γερμανίαν
1448 4674 1576 4774 χώρας
1598 4681 1768 4778 τέρματύ
1783 4690 1888 4772 4ἐστιν
1911 4689 1933 4766 ii
1977 4721 2006 4784 ς,

1174 4777 1380 4872 Στηρίχθει
1401 4775 1441 4851 d'
1456 4777 1572 4874 ibana,
1598 4781 1798 4881 νεφόεσσαι
1816 4789 1907 4886 πρὸς
1924 4821 2037 4870 votor
2052 4797 2163 4886 ἄλπες

1229 4881 1288 4962 Εἲς
1309 4877 1456 4975 Βορέαν
1476 4877 1645 4976 νεύματος
1664 4885 1831 4981 βέλτικος
1852 4891 2025 4980 ὠκεανός.

1104 5080 1106 5086 ,
1173 4995 1324 5071 Rhenus
1344 5001 1388 5067 ab
1403 5023 1546 5086 occasu,
1574 5001 1726 5074 Viadrus
1739 5006 1910 5100 disiungit
1930 5015 1975 5086 ab
1990 5031 2084 5106 ortu,

1226 5099 1415 5169 ”l'eutoniei
1431 5102 1534 5186 fines,
1561 5125 1629 5196 qua
1646 5119 1740 5196 patet
1754 5131 1836 5191 ora,
1859 5115 1939 5186 soli.

1207 5310 1239 5380 ¹¹)
1260 5308 1332 5364 llaec
1346 5316 1452 5362 uotum
1467 5305 1545 5377 babel
1557 5305 1683 5369 vincent.

1471 5375 1476 5386 .
1556 5379 1634 5488 ³⁹*
