4896 5974
272 261 373 338 sos
1028 253 1352 334 canumuu
1402 255 1510 330 nra.
1537 229 1617 331 nr.

300 431 447 506 Pectora
462 439 670 500 cunctorum
680 426 803 498 dulcis
821 425 1011 497 concordia
1026 426 1157 519 iungit,
1347 425 1417 498 Hic
1430 441 1466 496 et
1481 425 1630 498 consilio
1648 425 1814 496 mirando
1833 425 1975 498 victima
1992 425 2116 504 lactus,

353 530 401 605 Et
417 531 535 604 studio
554 531 737 600 aedificant
750 521 791 626 *)
808 529 947 598 moenia
963 543 1084 599 nostra
1104 529 1193 620 pari.
1398 528 1560 604 lusticiae
1575 527 1682 598 solvit
1697 529 1815 598 debita
1828 520 1945 624 λύτρα
1964 528 2084 618 patris.

300 635 502 728 lsaciasque
517 634 633 704 tribus
648 645 791 702 cunctas
805 625 877 701 huc
893 629 946 700 irc
960 653 1101 701 necesse
1118 645 1181 717 est,
1348 628 1511 723 Cumque
1529 655 1635 702 cruor
1652 643 1725 701 toto
1744 644 1905 700 manaret
1920 653 2086 722 corpore:
2113 627 2264 720 supplex
2337 691 2340 700 ,

354 737 522 810 Cedenda
542 748 593 804 est
607 731 677 802 alio
694 733 835 802 victima
852 733 954 802 nullo
970 733 1060 802 loco.
1400 731 1558 804 Vulnera
1576 757 1641 824 pro
1657 732 1762 802 nobis
1778 732 1929 816 obtulit,
1955 746 2060 824 atque
2077 753 2207 823 preces.

304 839 375 912 llic
389 863 457 908 vox
473 836 653 906 doctrinae
666 848 851 928 spargatur
864 849 906 906 ut
919 835 1023 904 unica
1040 858 1163 928 purae,
1349 829 1398 906 Et
1413 833 1482 904 sibi
1500 848 1709 926 perpetuum
1725 833 1889 904 doctrina
1904 833 2039 923 colligit
2056 857 2193 924 agmen,
2239 865 2253 875 ⁹

355 941 473 1032 Quam
490 937 594 1008 nobis
609 937 707 1028 coelo
724 937 871 1007 tradidit
887 937 961 1028 ipse
980 935 1087 1009 Deus.
1402 935 1595 1006 Vivificans
1608 937 1716 1006 verbo
1733 949 1873 1028 pectora
1892 950 2012 1006 nostra
2031 959 2107 1008 suo.

307 1044 423 1137 lpsius
438 1057 478 1111 ut
492 1039 634 1109 bonitas
648 1035 688 1108 in
701 1051 776 1108 toto
793 1039 908 1110 luceat
922 1039 1018 1123 orbe,
1352 1034 1568 1130 Quanquam
1585 1053 1701 1108 autem
1724 1040 1769 1108 ad
1787 1040 1944 1108 dextram
1962 1038 2103 1110 coelesti
2125 1039 2264 1108 insede
2284 1063 2349 1132 pa·

358 1145 519 1236 Notaque
533 1142 604 1211 sint
618 1141 715 1230 gnati
731 1161 879 1209 munera
894 1163 1021 1229 magna
1039 1141 1104 1210 sui.
1869 1141 1981 1212 centis

306 1246 478 1321 Restituit
493 1243 598 1316 nobis
612 1243 720 1311 vitam
734 1242 797 1334 qni
813 1243 892 1310 labe
905 1256 1052 1325 remota,
1405 1237 1483 1332 lpse
1501 1243 1561 1310 dat
1574 1235 1662 1310 haec
1680 1263 1818 1331 semper
1833 1243 1984 1312 maxima
2003 1243 2097 1311 dona
2115 1241 2198 1333 piis:

360 1347 511 1418 lustibca
531 1345 646 1416 salvos
662 1357 696 1413 et
710 1343 794 1417 lacit
808 1367 881 1414 esse
896 1343 976 1412 lide.
1352 1340 1524 1412 Doctores
1540 1358 1657 1412 tamen
1674 1341 1856 1432 adiungit,
1883 1344 2067 1438 sociosque
2083 1345 2261 1426 laborum,

307 1450 378 1522 llic
393 1449 473 1518 fons
491 1447 674 1516 doctrinae
688 1445 732 1515 sit
750 1445 922 1537 limpidus
936 1445 1023 1513 inde
1038 1443 1191 1528 liuentis,
1405 1440 1550 1534 Organa
1567 1467 1656 1537 qnos
1672 1445 1768 1513 vocis
1785 1448 1957 1538 praecipit
1969 1471 2042 1516 esse
2058 1469 2154 1518 suae.

359 1549 442 1622 Non
457 1549 536 1618 licto
556 1547 652 1618 Deus
669 1561 708 1618 ut
724 1547 833 1639 possit
847 1539 906 1641 ”)
926 1537 1064 1616 honore
1079 1545 1163 1614 coli.
1352 1543 1447 1616 Cura
1462 1548 1508 1616 sit
1526 1543 1580 1616 his
1597 1547 1711 1616 fontes
1730 1541 1763 1640 ³)
1785 1547 1966 1617 doctrinae
1984 1571 2087 1618 nosse
2103 1549 2260 1618 salubres
2276 1547 2324 1645 ⁴),

309 1651 501 1729 Posteritas
517 1651 554 1718 in
572 1673 639 1742 qna
658 1647 807 1719 Davidis
822 1673 929 1739 regna
946 1648 1093 1731 tenebit,
1404 1649 1573 1718 Fundere
1589 1644 1617 1741 ⁵)
1634 1647 1723 1717 etin
1741 1649 1873 1738 populo
1891 1651 2042 1720 flumina
2054 1645 2089 1746 ⁸)
2105 1675 2192 1741 pura
2214 1649 2289 1725 Dei.

241 1829 244 1836 ,
362 1753 431 1824 Hic
446 1776 582 1843 semper
599 1753 696 1822 sedes
712 1775 786 1820 nou
803 1751 961 1842 peritura
976 1761 1105 1820 manet.
1353 1747 1515 1843 Cumque
1532 1749 1732 1820 Sacerdotis
1748 1746 1883 1821 Christi
1907 1755 2122 1844 coniungere
2145 1753 2245 1836 votis,

308 1855 456 1945 Diligite
472 1851 564 1924 hanc
579 1851 770 1948 Solymen,
788 1843 831 1922 'et
849 1865 948 1942 gratu
964 1851 1105 1920 reddite
1118 1848 1235 1931 corde,
1292 1899 1296 1906 -
1407 1849 1580 1922 Assiduus
1595 1851 1764 1940 gemitus,
1791 1877 1874 1922 cura
1897 1855 1958 1940 sit,
1984 1869 2091 1949 atque
2107 1877 2236 1947 preces.

317 2003 323 2015 ι
360 1957 490 2030 Debita
508 1951 592 2054 huic
609 1977 732 2036 omnes
747 1945 833 2048 m)
856 1947 1022 2034 munera,
1049 1965 1147 2035 vota,
1172 1969 1304 2042 preces,
1356 1951 1474 2024 Gnate
1489 1953 1556 2023 Dei
1573 1954 1677 2022 nobis
1691 1953 1779 2022 iram
1795 1955 1932 2046 placato
1951 1958 2117 2048 parentis,

312 2059 386 2150 Qui
400 2061 497 2128 fovet
513 2056 638 2126 officiis
654 2050 746 2124 hanc
762 2053 865 2124 iustis
879 2068 985 2148 atque
1000 2067 1128 2138 tuetur,
1407 2053 1461 2125 Et
1469 2069 1528 2126 tua
1544 2055 1717 2125 discentes
1734 2057 1897 2146 dogmata
1917 2055 2059 2130 Christe
2076 2073 2180 2150 tegas.

362 2161 527 2250 Protegat
541 2153 637 2226 hunc
652 2180 790 2248 semper
806 2157 948 2226 dextera
965 2179 1092 2246 magna
1107 2153 1186 2226 Dei.
1356 2157 1485 2250 Tuque
1504 2151 1612 2254 λόγος
1626 2157 1750 2224 vivens
1765 2159 1896 2228 nostris
1913 2160 1952 2228 in
1969 2162 2149 2232 mentibus
2167 2161 2273 2247 adsis,

312 2263 369 2336 Sit
385 2261 452 2365 tibi
469 2283 557 2352 pax,
583 2270 618 2328 et
634 2281 716 2327 vera
733 2257 846 2343 salus,
872 2254 1049 2343 Ecclesia,
1075 2277 1214 2348 semper
1406 2260 1455 2332 Et
1470 2259 1557 2332 flatu
1572 2261 1742 2330 accendas
1757 2273 1898 2351 pectora
1914 2277 2034 2333 nostra
2052 2276 2124 2337 tuo.

364 2362 466 2453 Quae
484 2361 590 2432 discis
607 2359 725 2430 studio
741 2363 902 2450 dogmata
920 2375 1038 2430 sancta
1054 2361 1134 2460 piu7

312 2465 442 2537 Fausta
478 2487 576 2532 meos
610 2475 756 2556 propter
786 2464 930 2546 fratres,
971 2475 1187 2555 propterque
1221 2482 1307 2551 pro·
1495 2525 1499 2545 ι
1818 2505 2347 2520 -κ--Μ--ῌ

832 2564 997 2658 pinques.

364 2665 464 2762 Opto
479 2665 566 2752 tihi,
593 2678 628 2736 ct
642 2664 768 2758 templi
783 2687 828 2734 ne
843 2667 985 2738 labefiat
1002 2661 1127 2736 honos.
1357 2668 1425 2741 No.
1447 2667 1536 2746 254.
2182 2705 2230 2746 an.
2244 2684 2337 2746 1552.

1370 2765 1542 2796 Μ
2175 2771 2345 2800 w

361 2873 387 2890 ,‚,
426 2871 1303 2890 ................................--....-...-..-----—-

1427 2885 1509 2956 apua
1525 2887 1653 2970 Vincenl.
1674 2907 1699 2961 p.
1712 2889 1764 2944 288
1776 2907 1817 2958 sq·
1835 2917 1871 2931 -
1887 2958 1893 2972 Ι
1908 2887 1971 2942 Vid.
1983 2907 2054 2960 quae
2068 2889 2178 2963 scripsit
2192 2891 2351 2948 Melanthea

1463 2958 1496 3010 ad
1511 2955 1686 3010 Mattbesrum
1700 2957 1762 3013 Vol.
1773 2957 1832 3012 Vll.
1852 2967 1928 3030 eptst.
1944 2977 1970 3030 p.
1982 2959 2042 3014 stt.

319 3007 407 3132 ug,
420 3005 531 3134 Q
741 3017 745 3028 ¹
1026 3084 1030 3100 ,
1145 3032 1193 3074 aa.
1211 3007 1308 3072 1552.

1158 3103 1294 3130 Μ
1360 3109 1593 3211 laeffipiem
1614 3122 1809 3190 loannis
1834 3117 2098 3210 Frfflrrtrt,
2124 3125 2246 3195 Ducis
2260 3128 2351 3196 Sur.

387 3197 936 3341 susateruntur:
949 3198 1310 3322 atta.tt¹“·.:a:a·t:
1463 3220 1574 3290 a...
1590 3224 1754 3292 cenosa
1903 3219 2104 3318 aaa...
2119 3228 2251 3299 aa...

419 3343 500 3406 tavit,
526 3347 555 3392 et
572 3339 623 3393 bac
642 3337 732 3390 [orma
747 3333 772 3389 le
792 3336 846 3390 itur
866 3335 937 3406 apud
954 3337 1123 3455 vimm'pl'
1158 3341 1221 3408 lsq.
1238 3345 1265 3392 et
1282 3337 1310 3392 in

419 3403 701 3481 scrtpuspublffd.
734 3404 867 3460 Μ,
904 3405 1015 3458 nemin
1031 3403 1071 3457 ιο,
1111 3403 1311 3460 ,mmm
1362 3363 1432 3436 Hic
1451 3391 1508 3436 me
1526 3369 1591 3441 llos
1609 3367 1723 3437 violae
1737 3371 1858 3440 dextra
1873 3395 1980 3463 quam
1997 3388 2092 3461 gesto
2110 3377 2253 3462 caduca,

420 3475 637 3551 platomam&
672 3424 833 3534 viderim
847 3474 1287 3544 Met.ept·ct.2t.1³ebr.t⁵⁵2.
1413 3465 1466 3538 De
1484 3484 1604 3540 nostra
1621 3483 1762 3550 monet,
1789 3487 1823 3542 et
1836 3474 2019 3543 debilitate
2032 3477 2144 3545 docet.

835 3638 843 3655 ‚
908 3605 913 3616 ·
1362 3569 1548 3642 Plusculus
1568 3569 1626 3640 hic
1643 3573 1780 3644 redolet
1794 3575 1917 3644 nitidis
1940 3572 2188 3666 pulcherrimis
2201 3575 2329 3668 hortis,

715 3635 777 3748 De,
800 3637 912 3708 &⁶²⁰⁸
1413 3669 1461 3744 Et
1477 3660 1594 3742 tamen
1610 3673 1735 3763 exiguo
1752 3690 1910 3768 tempure
1928 3681 2032 3750 durat
2050 3681 2156 3750 odor:

317 3774 413 3843 Iusta
428 3771 649 3872 sacerdotum
663 3769 825 3858 designat
840 3765 870 3866 ¹)
887 3792 1034 3838 munera
1052 3766 1180 3853 Siclus,
1292 3763 1297 3786 ⁸
1364 3773 1422 3846 Sic
1435 3799 1489 3843 res
1505 3771 1678 3846 humanas
1690 3777 1825 3868 fragilis
1839 3779 1981 3849 fortuna
1996 3783 2181 3870 gubernat,

369 3871 481 3945 Cuius
494 3872 533 3940 in
546 3867 694 3941 Ebraeis
710 3871 860 3941 urbibus
878 3893 962 3941 usus
977 3882 1066 3940 erat.
1415 3876 1593 3970 Tempore
1607 3878 1656 3946 sic
1671 3871 1832 3948 homines
1846 3896 2009 3974 stantque
2026 3886 2228 3978 caduntque
2243 3886 2351 3954 brevi.

319 3973 364 4044 ln
379 3999 449 4068 quo
466 3973 654 4044 florescens
669 3973 844 4064 insculpta
863 3987 914 4043 est
930 3972 1027 4062 virga
1045 3969 1210 4057 Aaronis,
1234 4033 1237 4040 ,
1368 3975 1430 4048 llle
1445 3999 1507 4069 ego
1524 3979 1585 4072 qui
1601 3982 1780 4072 quondam
1798 3981 1881 4050 felix
1898 4009 1972 4052 mea
1989 4007 2095 4074 regna
2115 3988 2293 4072 tenebam,

342 4092 343 4096 ’
371 4075 472 4163 Quae
488 4087 627 4156 monet,
653 4088 694 4144 ut
709 4077 859 4145 doceant
873 4075 1034 4164 dogmata
1052 4097 1139 4166 pura
1154 4073 1233 4145 Dei.
1415 4079 1484 4150 llic
1501 4085 1563 4150 ubi
1579 4080 1772 4152 Saxonicos
1789 4084 1919 4173 irrigat·
1934 4083 2038 4156 Albis
2050 4111 2163 4178 agros.

318 4175 424 4250 Parte
439 4177 529 4244 calix
546 4176 614 4246 alia
630 4190 681 4245 est
695 4175 862 4267 impletus
881 4169 985 4264 thure
1000 4175 1148 4256 Sabaeo,
1363 4179 1476 4254 Cuius
1492 4197 1566 4256 erat
1584 4196 1696 4252 totum
1712 4185 1940 4256 celeberrima
1957 4189 2048 4257 sama
2065 4214 2130 4280 per
2145 4191 2283 4276 orbem,

371 4275 441 4348 Hic
456 4277 583 4376 offerre
598 4299 734 4368 preces,
760 4291 800 4348 ut
818 4301 909 4346 nova
924 4271 1049 4362 thura,
1076 4277 1184 4348 iubet
1416 4282 1521 4370 Quod
1538 4307 1693 4373 regerem
1712 4288 1863 4378 populos
1877 4315 1956 4359 cum
1975 4291 2104 4382 pietate
2120 4315 2231 4366 meos.

319 4376 488 4451 Attamen
504 4391 583 4447 ante
599 4378 687 4447 alios
699 4401 857 4448 summus
871 4377 956 4448 facit
969 4378 1033 4449 ista
1050 4381 1212 4450 sacerdos
1293 4393 1299 4404 '
1364 4384 1509 4478 ,Quique
1526 4409 1589 4475 ego
1603 4409 1667 4476 pro
1687 4389 1798 4477 patria
1815 4414 1976 4481 pugnans
1991 4407 2026 4463 et
2040 4395 2206 4484 dogmata
2223 4419 2319 4466 sacra

373 4481 486 4552 ttttus
500 4495 643 4549 aeterno
656 4479 701 4548 de
718 4481 876 4569 genitore
888 4492 993 4550 satus.
1417 4485 1638 4571 Defendens,
1664 4489 1798 4559 clarum
1817 4515 1948 4562 nomen
1965 4495 2100 4589 ubique
2116 4495 2193 4565 tuli.

322 4581 401 4674 lpse
418 4585 500 4652 siuu
515 4581 648 4672 protect
667 4581 773 4651 nobis
788 4583 925 4652 decreta
951 4581 1118 4672 parentis,
1365 4589 1470 4661 Nunc
1486 4613 1540 4658 mc
1555 4590 1739 4680 captivum·
1758 4581 1855 4664 tenet
1868 4595 1976 4681 alter,
2003 4611 2037 4666 et
2051 4598 2184 4690 optima
2201 4602 2306 4673 nobis
2428 4539 2429 4631 l

373 4683 525 4756 Restitui
542 4678 577 4780 ²)
596 4683 703 4754 vitam
720 4707 791 4776 quo
806 4683 892 4752 velit
908 4684 971 4753 ille
987 4686 1107 4757 modo.
1276 4705 1278 4708 ·
1417 4690 1508 4762 Cum
1527 4693 1592 4777 sit,
1616 4715 1689 4761 non
1703 4691 1778 4763 ullo
1794 4719 1897 4766 causa
1911 4711 2049 4783 tuente,
2076 4701 2180 4790 perit.¹

321 4783 392 4854 Hic
406 4783 582 4856 Aaronaei
598 4797 717 4856 coetus
733 4797 784 4856 est
799 4784 927 4856 florida
945 4785 1056 4875 virga,
1366 4791 1491 4883 Erepti
1506 4793 1614 4862 lasces
1630 4809 1662 4864 et
1677 4795 1793 4864 inanis
1808 4797 1918 4887 gloria
1936 4799 2077 4882 Mundi,

374 4883 427 4956 Ac
443 4883 628 4978 Evangelii
644 4887 778 4958 semina
800 4887 915 4978 prima
934 4887 1061 4962 serens.
1418 4893 1490 4966 Sed
1505 4895 1676 4987 placuisse
1692 4898 1756 4968 uui
1772 4901 1931 4990 praefero
1948 4885 2155 4994 posse'Deo.

357 5089 388 5146 *l
408 5085 571 5156 notificant]
591 5089 670 5144 Viuc.
685 5087 768 5143 edidit
782 5091 913 5142 condunt.
1372 5063 1598 5081 ....-----

358 5173 406 5242 *¹¹2
429 5169 510 5229 Vinc.
523 5184 627 5234 posset.
1208 5177 1220 5202 ⁸
1402 5173 1432 5244 8)
1441 5174 1553 5246 sontes]
1572 5173 1641 5232 Phil.
1651 5176 1796 5245 sormam.

357 5255 423 5326 Ν)
443 5257 522 5311 Viae.
537 5260 632 5311 dedita
644 5267 745 5314 cuncta
758 5261 810 5316 ult.
1403 5259 1432 5328 4)
1452 5259 1521 5316 Phil.
1535 5263 1688 5317 salubrem.

361 5350 387 5410 lt
407 5348 550 5412 desr'gnot]
570 5342 674 5398 Pbiloc.
691 5350 880 5400 demonstrat.
1404 5347 1432 5414 ⁵)
1453 5345 1522 5404 Pbil.
1544 5345 1672 5402 Tradere
1692 5363 1743 5419 pro
1763 5347 1899 5404 Fundere.
2424 5347 2425 5350 ’

357 5431 384 5500 2)
401 5430 474 5488 Phil.
489 5429 635 5502 ctSrripts
649 5433 784 5484 reeu'trdt.
1211 5480 1218 5491 ,
1256 5467 1261 5476 ·
1404 5432 1431 5502 6,·
1444 5429 1586 5502 fiumina]
1605 5431 1675 5490 Pbil.
1691 5437 1836 5503 dogmata.
