4884 5950
122 159 200 238 925
613 163 922 259 ALLOQUIA
947 165 1023 242 ET
1054 160 1672 241 suavsscottctouus.
1737 277 1739 285 ⁴
2018 197 2021 206 ⁴
2083 169 2158 246 926
2257 177 2262 188 '

140 335 210 408 No.
230 335 286 404 10.
843 423 846 435 ,
949 370 1000 434 sa.
1027 345 1122 410 tsst.
1171 337 1292 407 animo
1315 350 1411 427 opto.
1463 335 1553 406 Nam
1576 364 1647 432 quo
1667 335 1777 430 magis
1798 337 1899 408 illum
1922 354 2065 432 propter
2085 343 2159 412 exi-

131 431 306 462 Μ
774 451 777 456 ’
941 437 1115 464 “⁹⁸'‘
1171 439 1278 507 miam
1296 439 1407 530 ipsius
1423 440 1618 510 bonitatem
1633 444 1760 521 amavi,
1786 466 1827 511 eo
1844 455 1876 525 et
1894 455 1928 511 te
1942 443 2052 533 magis
2068 469 2159 530 amo,

195 531 269 604 †F·¹
282 507 382 601 {Saepta
396 533 487 588 M
496 532 681 590 miscellaneis
694 533 773 589 editis
788 537 846 591 ΝΟ·
859 535 958 592 ffll·
1170 565 1211 610 ac
1231 563 1355 630 precor
1376 542 1543 611 omnibus
1559 543 1668 622 votis,
1695 555 1736 614 ut
1752 537 1917 613 Christus
1938 557 1970 614 te
1992 557 2104 615 servet
2125 559 2160 616 et

82 665 380 786 settttppua
411 693 689 766 Melanthea
721 694 774 766 od
801 695 1043 769 scholasticos
1078 699 1121 768 in

1170 738 1290 812 schola
1305 743 1478 812 foeliciter
1493 745 1721 834 gubernetur.
2001 801 2003 806 ,

655 917 659 924 ,
1222 837 1575 942 AdScdolaslieos.]
1614 845 1685 915 Vos
1700 869 1841 941 quoque
1855 845 2080 919 scholasticos
2096 849 2160 918 ad·
2244 887 2248 898 ·

122 929 260 1034 Nuper
274 942 477 1028 audivistis,
503 945 598 1036 quod
614 945 767 1014 faustum
781 945 958 1038 loelixque
973 941 1037 1024 sit,
1064 966 1121 1011 re·
1170 941 1311 1030 bortor,
1338 959 1377 1016 ut
1399 972 1479 1016 cum
1497 947 1623 1018 videtis
1648 949 1825 1040 principes
1846 948 1942 1018 viros
1964 943 2159 1022 honorilice

123 1044 292 1116 nunciati
309 1042 498 1115 Rectorem
518 1045 694 1116 illustrem
718 1045 912 1138 principem
936 1041 1120 1114 Ioannem
1169 1053 1213 1118 ‹le
1234 1048 1361 1118 studiis
1385 1049 1534 1133 sentire,
1559 1050 1717 1139 cogitetis
1732 1051 1833 1118 vobis
1847 1073 1989 1144 quoque
2004 1049 2160 1142 Reipub.

124 1142 691 1234 Ernsslum,SaxoniaeDucem,
710 1145 1121 1237 LandgraviumTurin-
1169 1173 1272 1220 cansa
1305 1152 1416 1238 magis
1450 1153 1619 1220 amandas
1652 1167 1684 1222 et
1718 1152 1882 1221 colendas
1914 1175 1987 1222 esse
2022 1153 2158 1238 literas3

125 1243 518 1339 giaectMarchiouem
535 1245 700 1324 Misniae.
754 1247 874 1338 Quare
888 1249 1122 1337 utintellige-
1168 1251 1363 1342 plurimum
1385 1251 1479 1322 enirn
1504 1249 1658 1343 Reipub.
1684 1255 1846 1334 interest,
1879 1254 1994 1347 qualis
2017 1256 2158 1324 adeam

124 1364 215 1422 runt
238 1373 362 1420 omues
384 1372 558 1420 summam
581 1351 888 1422 essevoluntatem
905 1351 1017 1442 ipsius
1038 1373 1119 1438 erga
1168 1354 1435 1440 gubernandam
1473 1355 1634 1424 doctrina
1668 1356 1846 1426 afferatur.
1910 1352 1959 1428 Et
1990 1351 2158 1450 quoniam

124 1453 267 1538 literas,
300 1475 397 1522 nuuc
419 1453 560 1542 publice
584 1453 740 1524 delatum
768 1449 940 1523 bonorem
969 1451 1120 1522 lllustris
1169 1455 1338 1545 Princeps
1363 1455 1435 1545 ipse
1458 1451 1705 1529 scholasticum
1725 1457 1968 1546 magistratum
1986 1457 2093 1547 gerit,
2119 1470 2161 1529 ut

124 1554 295 1648 princeps
315 1554 472 1644 accipere
498 1541 663 1626 decrevii.
719 1553 769 1626 Ut
791 1556 941 1648 quisque
964 1554 1120 1646 optimus
1169 1568 1315 1628 testetur
1329 1579 1365 1625 se
1381 1552 1517 1627 honore
1531 1559 1667 1630 afficere
1683 1560 1813 1642 literas,
1839 1581 1902 1628 vos
1916 1583 2057 1652 quoque
2073 1558 2160 1627 dili-

124 1656 292 1749 princeps
316 1656 383 1725 luit
400 1668 437 1726 et
457 1656 607 1726 maxime
630 1656 792 1727 salutaris
813 1651 971 1726 humano
988 1655 1119 1745 generi,
1159 1657 1306 1746 'gentius
1332 1659 1587 1749 obtemperate,
1623 1685 1669 1730 ne
1691 1675 1724 1732 et
1752 1661 1949 1752 principem
1978 1673 2013 1730 et
2040 1660 2160 1730 literas

126 1760 178 1830 ita
197 1753 288 1827 banc
306 1781 426 1828 curam
444 1758 538 1828 inter
553 1758 760 1849 praecipuas
776 1757 877 1828 duxit
894 1757 1069 1828 excitandi
1085 1769 1120 1826 et
1168 1774 1396 1830 contemnere
1427 1761 1634 1835 videamini.
1689 1760 1812 1832 Vestra
1847 1762 2017 1832 modestia
2053 1761 2159 1834 etiam

127 1859 283 1932 ornandi
324 1859 440 1928 studia
479 1860 675 1934 literarum.
736 1859 984 1949 lntelligebant
1023 1857 1118 1928 enim
1168 1861 1310 1950 augebit
1348 1861 1386 1930 in
1418 1859 1648 1954 Principibus
1680 1887 1836 1934 amorem
1873 1885 1955 1953 erga
1992 1857 2160 1934 honestas

125 1976 301 2058 quantum
321 1960 536 2051 praesidium
564 1975 598 2032 et
621 1975 867 2032 ornamentum
892 1961 937 2031 sit
958 1961 1118 2030 doctrina
1168 1961 1384 2055 disciplinas.

125 2058 426 2136 vitaehumanae.
471 2062 562 2132 Nam
578 2087 693 2157 neque
706 2063 907 2152 religiones,
931 2085 1046 2156 neque
1063 2062 1120 2132 iu-

126 2169 227 2241 sticia
254 2167 293 2235 in
321 2163 498 2254 lmperiis‚
534 2189 649 2257 neque
680 2159 883 2238 humanitas
911 2165 949 2234 in
972 2163 1120 2257 privatis
1171 2243 1174 2249 Ι

124 2271 290 2344 moribus
316 2267 391 2334 siue
404 2265 518 2336 litoris
533 2267 679 2338 retineri
701 2279 861 2358 possunt.
902 2265 973 2338 Sed
992 2265 1119 2358 depul-
1183 2300 1252 2376 No·
1271 2301 1331 2374 11·
1970 2307 2032 2388 (m.
2049 2309 2160 2390 1534.)

127 2375 177 2445 sis
194 2368 250 2440 bis
264 2367 407 2451 studiis,
434 2391 572 2438 necesse
595 2385 646 2441 cst
663 2369 898 2440 contaminari
921 2367 1120 2456 religiones,
1175 2397 1347 2428 -m
1980 2399 2154 2432 »om

128 2475 276 2546 θῐῖδῑθΐθ
286 2469 513 2564 Tyrannldes
528 2471 565 2538 ln
581 2471 784 2561 POlfflllbUS
799 2483 831 2540 el
847 2471 1020 2539 infinllilm
1036 2469 1120 2538 bas·
1236 2499 1260 2574 †
1277 2499 1314 2554 Er
1327 2499 1512 2556 Mimalloneis
1526 2519 1609 2555 manu
1622 2500 1733 2616 seriptis
1746 2499 1889 2570 Stephani
1897 2503 1985 2558 ussat
1994 2501 2022 2558 iu
2036 2501 2160 2562 tttttott.

127 2577 265 2650 basiem
291 2569 328 2640 in
351 2571 509 2662 privatis.
561 2569 683 2666 ltaque
703 2595 866 2662 magnam
888 2573 1028 2640 laudem
1046 2595 1119 2640 me·
1272 2568 1578 2626 ⁶⁰¹h·t0t¹·N⁰·²⁴⁰·
1594 2569 1669 2642 1³·72
1693 2611 1701 2628 ·

305 2695 383 2743 uces
400 2671 574 2744 Saxoniae
643 2697 770 2744 uorum
789 2669 958 2744 hactenus
977 2671 1120 2742 suites·
1339 2735 1348 2752 ,
1543 2733 1551 2751 ,
1685 2735 1699 2752 ,
1884 2733 1893 2751 ,

126 2692 260 2850 {illibi
269 2671 320 2844 1in
344 2775 456 2845 literis
480 2699 746 2870 tuendisqatque
770 2775 935 2844 iuvandis
950 2774 1119 2844 studium.
1169 2725 1369 2830 pradum
1394 2738 1486 2802 “m
1511 2727 1810 2852 fflfpmumm
1836 2728 2069 2829 mum&
2087 2725 2160 2802 Μ’

57 2963 59 2968 ,
126 2881 227 2954 Haec
242 2876 431 2949 domestica
448 2879 604 2967 exempla
618 2872 808 2948 hortantur
822 2891 857 2947 et
872 2873 968 2946 bunc
983 2873 1119 2945 Ducem
1529 2829 1617 2906 Μ’
1670 2833 1720 2902 Φ·
1744 2834 1803 2908 M·

129 2981 314 3056 Ioannem
342 2974 564 3063 Emeslum,
601 2993 643 3050 ut
666 2981 736 3048 iam
758 3003 778 3048 a
802 2979 932 3048 tenetls
954 2978 1065 3047 distel
1086 2991 1120 3046 'el
1170 2970 1254 3054 Etsi
1272 3003 1376 3050 uerno
1393 2979 1551 3070 ignorat,
1576 3003 1644 3052 nos
1661 2975 1877 3053 authoritate
1891 2995 2157 3076 praeceptorum

126 3085 347 3172 intelligere,
373 3081 467 3173 qnod
489 3081 703 3151 necessariae
724 3080 795 3150 sint
809 3078 963 3172 Reipub.
986 3079 1121 3164 literae,
1170 3083 1268 3174 cogi,
1301 3095 1342 3154 ut
1359 3083 1400 3152 in
1422 3078 1518 3152 hunc
1547 3083 1664 3153 locum
1688 3084 1918 3174 prodeamus,
1950 3098 2069 3155 tamen
2091 3077 2160 3153 hoc

128 3202 168 3260 et
189 3209 246 3258 eas
268 3179 404 3254 bonore
418 3183 568 3254 allicere.
620 3179 739 3276 Atque
755 3183 950 3272 optandum
973 3193 1048 3250 erat
1064 3203 1122 3249 re·
1170 3185 1362 3256 verecundi
1383 3182 1516 3274 ingenii
1533 3197 1601 3272 cst,
1628 3199 1745 3277 petere
1762 3209 1781 3255 a
1797 3185 1918 3272 vobis,
1941 3209 1987 3256 ne
2002 3209 2102 3256 secus
2115 3186 2159 3254 de

331 800 620 877 renunciatione
633 801 718 869 aaut
735 801 917 872 Rectort'c.

1170 641 1347 712 defendat.
1399 639 1582 714 Postremo
1605 657 1708 734 opto,
1732 659 1773 716 ut
1793 644 1958 736 auspiciis
1978 646 2049 717 tuis
2074 641 2159 717 haee
2282 731 2288 744 ι

125 3291 199 3363 bus
220 3283 407 3369 humanis,
430 3277 524 3354 hano
543 3285 750 3377 opinionem
768 3284 975 3354 instillatam
999 3295 1034 3352 et
1062 3281 1121 3350 in·
1171 3299 1292 3358 nostro
1314 3287 1462 3356 consilio
1485 3287 1659 3358 iudicetis.
1708 3284 1812 3378 Rogo
1833 3288 1941 3378 igitur
1965 3287 2088 3374 initio,
2114 3307 2160 3356 ue
2261 3305 2267 3320 “

127 3395 234 3464 fixam
249 3411 322 3458 esse
335 3385 502 3456 omuibus
517 3387 738 3478 principibus
751 3387 796 3458 ab
811 3386 958 3456 ineunte
971 3397 1095 3456 aetate.
1171 3413 1227 3458 me
1242 3387 1378 3476 ingenii
1393 3389 1519 3458 fiducia
1541 3391 1599 3458 sed
1620 3389 1736 3460 officio
1749 3391 1940 3462 adductum
1959 3387 2162 3460 existimetis
2258 3405 2263 3420 ¹

234 3481 546 3586 AdPrincipsm.]
600 3487 686 3559 Tibi
705 3485 994 3582 itaquelllustris
1019 3485 1121 3576 prin·
1170 3492 1214 3559 ad
1233 3485 1325 3558 banc
1348 3513 1533 3580 personam
1557 3490 1828 3581 suscipiendam.
1879 3486 2161 3581 Namegobaue
2272 3551 2278 3560 .

129 3619 213 3689 ceps
228 3593 384 3685 primum
400 3603 497 3682 opto,
522 3605 561 3661 ut
576 3589 673 3660 Deus
689 3587 776 3680 Opt.
794 3589 890 3663 Max.
908 3605 942 3661 te
958 3601 1071 3658 servet
1088 3598 1121 3656 et
1171 3593 1217 3660 ob
1230 3613 1368 3660 causam
1386 3590 1523 3659 lacilius
1538 3589 1644 3659 etiam
1659 3615 1794 3659 morem
1818 3592 1907 3680 gessi
1924 3590 2160 3682 praeceptori·

129 3697 302 3771 concedat
317 3691 404 3776 tibi,
430 3691 470 3762 ut
493 3693 647 3784 patrium
672 3689 847 3760 Ducatum
873 3691 1046 3760 foeliciter
1068 3703 1118 3759 te-
1172 3695 1322 3774 bus„ut
1344 3691 1599 3781 intelligerent,
1623 3715 1679 3760 me
1702 3693 1867 3762 lubenter
1881 3691 2041 3762 conlsrre
2060 3689 2160 3786 quasi

127 3824 216 3872 neas
239 3811 273 3868 et
295 3817 404 3884 regas.
465 3790 575 3892 ldque
597 3817 674 3862 mea
698 3818 783 3862 voce
805 3806 900 3862 totus
924 3787 981 3860 bic
1003 3803 1122 3860 coetus
1171 3794 1367 3888 symbolam
1395 3795 1437 3861 ad
1466 3793 1757 3882 consuetudinem
1785 3793 1991 3885 disputandi
2019 3816 2161 3864 conser-

125 3898 427 3976 Doctissimorum
458 3908 562 3988 atque
593 3895 809 3986 optimorum
845 3893 1002 3962 virorum
1035 3889 1122 3960 lllu-
1172 3898 1335 3981 vandam,
1360 3897 1455 3988 qnod
1472 3895 1608 3965 utinam
1625 3895 1779 3964 iacerent
1792 3894 1895 3964 etiam
1909 3895 2038 3990 reliqui
2055 3889 2160 3964 sebo-

127 4003 305 4074 strlssimo
339 3997 494 4088 principi
522 3997 622 4068 lratri
658 4009 740 4076 tuo,
776 4009 811 4066 et
844 3995 908 4064 tibi
945 4008 1120 4086 precator.
1170 3995 1304 4074 lastici!
1334 3995 1482 4088 Saepius
1497 3996 1807 4067 enimaudiremus
1823 4019 1882 4066 eos
1894 3997 2103 4068 disserentes
2115 3995 2161 4066 de

124 4105 270 4182 Deinde
293 4099 361 4170 tibi
378 4099 508 4188 gratias
524 4123 606 4189 ago,
631 4101 727 4193 quod
752 4111 910 4187 suscepto
929 4092 995 4167 lsoc
1018 4089 1122 4165 scbo-
1171 4101 1278 4168 rebus
1292 4099 1454 4167 maximis
1470 4113 1504 4168 et
1527 4101 1568 4168 ad
1586 4099 1694 4168 vitam
1716 4097 1934 4179 utilissimis,
1960 4123 2026 4170 nos
2039 4099 2078 4168 in
2094 4091 2161 4168 bac
2257 4167 2262 4174 ,

127 4209 254 4282 lastico
280 4198 417 4272 honore
442 4200 728 4272 benevolentiam
762 4213 857 4270 tuam
891 4221 971 4288 erga
1006 4199 1121 4266 studia
1170 4201 1290 4272 sabula
1307 4213 1445 4270 nostras
1461 4214 1576 4292 partes
1591 4223 1665 4270 non
1680 4213 1751 4270 tarn
1768 4199 1949 4272 fastidiose
1965 4202 2160 4292 suscipere-

128 4311 312 4390 declaras,
338 4317 442 4396 teque
463 4301 610 4388 iterum,
636 4304 730 4397 quod
748 4303 922 4384 faustum,
945 4301 1121 4390 loelixque
1173 4325 1261 4372 rous.
1318 4297 1470 4386 Errant,
1505 4301 1624 4395 inquit
1655 4301 1865 4374 muliercula
1897 4302 1935 4372 iu
1967 4299 2160 4380 comoedia,

125 4415 197 4498 sit,
220 4409 408 4482 Rectorem
430 4399 536 4474 huius
552 4401 762 4476 Academiae
784 4402 974 4484 renuncio,
1000 4425 1039 4470 ac
1055 4401 1121 4472 tibi
1171 4405 1233 4498 qui
1249 4403 1381 4472 invitos
1398 4425 1500 4472 canes
1516 4405 1561 4472 ad
1579 4405 1781 4474 venandum
1798 4405 1943 4478 ducunt.
1985 4401 2036 4474 lta
2053 4401 2158 4471 etiam

127 4515 233 4604 rigna
246 4509 470 4599 magistratus
484 4508 585 4576 trado
599 4519 634 4576 ct
654 4501 739 4576 haec
753 4504 1006 4574 nostrastudia
1025 4527 1122 4571 corn·
1170 4519 1412 4597 praeceptores
1427 4505 1595 4593 gravatim
1612 4505 1812 4596 disputant,
1832 4519 2021 4598 postquam
2037 4504 2161 4574 vident

124 4617 275 4689 mendo.
326 4607 407 4680 Erit
434 4607 528 4678 euim
560 4607 626 4678 tibi
657 4601 893 4677 honorificum
921 4621 954 4676 te
980 4629 1121 4698 quoque
1171 4632 1237 4676 nos
1263 4631 1369 4696 aegre
1390 4607 1536 4698 perpelli
1562 4631 1682 4700 posse,
1705 4621 1745 4677 ut
1759 4622 1920 4678 nostrum
1938 4605 2092 4692 ollicium
2108 4606 2160 4674 la·

125 4727 339 4814 sequentem
355 4709 594 4782 laudatissima
609 4709 764 4802 exempla
786 4708 960 4778 maiorum
977 4719 1119 4778 tuorum
1171 4709 1316 4782 ciamus.
1367 4704 1444 4800 Ego
1465 4709 1584 4802 itaque
1605 4731 1719 4778 meam
1744 4707 1782 4776 in
1803 4701 1869 4777 hac
1889 4731 1927 4776 re
1955 4706 2158 4778 facilitatem

128 4843 251 4894 amare
276 4829 312 4887 et
334 4813 494 4883 venerari
519 4811 702 4880 literarum
730 4810 858 4882 studia.
910 4807 1121 4893 Meministi,
1171 4811 1222 4881 eis
1242 4833 1455 4902 magnopere
1469 4811 1567 4880 volui
1590 4809 1747 4901 probari.
1800 4806 1951 4879 luterest
1969 4807 2160 4878 enimrei-

126 4947 239 5019 quam
259 4916 389 5006 lqerim
413 4913 547 5006 optimo
570 4911 723 5004 principi
742 4912 831 5004 patri
850 4926 910 4981 tuo
926 4909 1121 4984 familiaris.
1171 4913 1333 5004 publicae
1348 4912 1548 4982 conservari
1564 4911 1769 5003 disputandi
1785 4933 1929 4996 morem,
1956 4911 2159 5001 praesertim

126 5025 256 5120 ltaque
281 5044 355 5090 non
380 5017 505 5087 dubito
528 5029 561 5085 te
585 5015 721 5107 paterni
747 5013 896 5105 exempli
919 5014 1121 5086 admonere.
1171 5039 1250 5083 cum
1270 5014 1308 5082 in
1324 5007 1380 5084 bis
1399 5014 1652 5085 certaminibus
1671 5033 1726 5081 res
1747 5011 1901 5103 optimae
1917 5023 2021 5106 atque
2041 5012 2160 5083 utilis-

125 5123 249 5200 Erant
270 5124 309 5192 in
334 5145 375 5190 eo
398 5143 477 5189 cum
496 5119 583 5186 aliae
599 5116 746 5187 virtutes
764 5115 860 5184 bono
883 5125 916 5184 et
938 5115 1120 5184 moderato
1171 5116 1280 5184 simae
1301 5128 1336 5186 et
1355 5115 1556 5205 agitataeet
1578 5113 1768 5207 explicatae
1785 5113 1866 5186 sint.
1919 5109 2158 5185 lnolliciosum

126 5224 294 5324 principe
315 5224 461 5313 dignae,
487 5233 562 5289 turn
582 5217 706 5288 eximia
730 5218 900 5312 quaedam
923 5215 1120 5286 reverentia
1172 5227 1288 5288 :tutem
1302 5229 1367 5302 est,
1392 5241 1472 5286 curn
1487 5215 1657 5286 maximas
1672 5213 1842 5288 utilitates
1857 5209 1943 5285 bine
1961 5217 2160 5286 auleramus

127 5355 213 5423 erga
234 5325 367 5402 literas.
418 5319 526 5394 Ilunc
545 5335 586 5392 ut
604 5319 778 5393 foeliciter
796 5318 962 5404 imiteris,
987 5317 1054 5388 tibi
1079 5341 1121 5388 ex
1170 5318 1332 5412 plerique
1343 5339 1477 5404 omnes,
1502 5337 1577 5388 non
1593 5317 1754 5388 mulcere
1767 5315 1921 5389 vicissim
1935 5337 2097 5411 operam,
2120 5329 2196 5388 ut·
