<?xml version="1.0" encoding="UTF-8"?>
<!DOCTYPE html PUBLIC "-//W3C//DTD XHTML 1.0 Transitional//EN"
    "http://www.w3.org/TR/xhtml1/DTD/xhtml1-transitional.dtd">
<html xmlns="http://www.w3.org/1999/xhtml" xml:lang="en" lang="en">
 <head>
  <title>
</title>
<meta http-equiv="Content-Type" content="text/html;charset=utf-8" />
  <meta name='ocr-system' content='tesseract 3.04.00' />
  <meta name='ocr-capabilities' content='ocr_page ocr_carea ocr_par ocr_line ocrx_word'/>
</head>
<body>
  <div class='ocr_page' id='page_1' title='image "./philippimelanth07bindgoog_0064.png"; bbox 0 0 4906 5986; ppageno 0'>
   <div class='ocr_carea' id='block_1_1' title="bbox 303 159 2324 334">
    <p class='ocr_par' dir='ltr' id='par_1_1' title="bbox 303 159 2324 334">
     <span class='ocr_line' id='line_1_1' title="bbox 303 159 2324 334; baseline -0.005 -29"><span class='ocrx_word' id='word_1_1' title='bbox 303 233 353 306; x_wconf 81' lang='lat' dir='ltr'>cs</span> <span class='ocrx_word' id='word_1_2' title='bbox 469 222 928 312; x_wconf 82' lang='lat' dir='ltr'>nrrsronaauu,</span> <span class='ocrx_word' id='word_1_3' title='bbox 969 159 1892 334; x_wconf 73' lang='lat' dir='ltr'>rnnrcrobouurscnrrronuu</span> <span class='ocrx_word' id='word_1_4' title='bbox 1940 167 2174 297; x_wconf 66' lang='lat' dir='ltr'>manv.</span> <span class='ocrx_word' id='word_1_5' title='bbox 2261 226 2324 296; x_wconf 83' lang='lat'>100</span> 
     </span>
    </p>
   </div>
   <div class='ocr_carea' id='block_1_2' title="bbox 1146 418 1270 442">
    <p class='ocr_par' dir='ltr' id='par_1_2' title="bbox 1146 418 1270 442">
     <span class='ocr_line' id='line_1_2' title="bbox 1146 418 1270 442; baseline 0 -8"><span class='ocrx_word' id='word_1_6' title='bbox 1146 418 1270 442; x_wconf 54' lang='grc' dir='ltr'>μ.-</span> 
     </span>
    </p>
   </div>
   <div class='ocr_carea' id='block_1_3' title="bbox 1124 477 1292 515">
    <p class='ocr_par' dir='ltr' id='par_1_3' title="bbox 1124 477 1292 515">
     <span class='ocr_line' id='line_1_3' title="bbox 1124 477 1292 515; baseline 0 -10"><span class='ocrx_word' id='word_1_7' title='bbox 1124 477 1292 515; x_wconf 52' lang='grc' dir='ltr'>Μ</span> 
     </span>
    </p>
   </div>
   <div class='ocr_carea' id='block_1_4' title="bbox 1045 561 1049 568">
    <p class='ocr_par' dir='ltr' id='par_1_4' title="bbox 1045 561 1049 568">
     <span class='ocr_line' id='line_1_4' title="bbox 1045 561 1049 568; baseline 0 0"><span class='ocrx_word' id='word_1_8' title='bbox 1045 561 1049 568; x_wconf 64' lang='lat' dir='ltr'>a</span> 
     </span>
    </p>
   </div>
   <div class='ocr_carea' id='block_1_5' title="bbox 300 381 499 472">
    <p class='ocr_par' dir='ltr' id='par_1_5' title="bbox 300 381 499 472">
     <span class='ocr_line' id='line_1_5' title="bbox 300 381 499 472; baseline -0.02 -2"><span class='ocrx_word' id='word_1_9' title='bbox 300 397 369 472; x_wconf 87' lang='lat' dir='ltr'>No.</span> <span class='ocrx_word' id='word_1_10' title='bbox 385 381 499 472; x_wconf 77' lang='lat'>7095.</span> 
     </span>
    </p>
   </div>
   <div class='ocr_carea' id='block_1_6' title="bbox 309 492 481 524">
    <p class='ocr_par' dir='ltr' id='par_1_6' title="bbox 309 492 481 524">
     <span class='ocr_line' id='line_1_6' title="bbox 309 492 481 524; baseline -0.029 0"><span class='ocrx_word' id='word_1_11' title='bbox 309 492 481 524; x_wconf 52' lang='grc' dir='ltr'><strong>Μ</strong></span> 
     </span>
    </p>
   </div>
   <div class='ocr_carea' id='block_1_7' title="bbox 562 590 1043 695">
    <p class='ocr_par' dir='ltr' id='par_1_7' title="bbox 562 590 1043 695">
     <span class='ocr_line' id='line_1_7' title="bbox 562 590 1043 695; baseline -0.017 -14"><span class='ocrx_word' id='word_1_12' title='bbox 562 594 726 695; x_wconf 82' lang='lat' dir='ltr'>(Ratio</span> <span class='ocrx_word' id='word_1_13' title='bbox 751 590 1043 691; x_wconf 71' lang='lat' dir='ltr'>cardiacam.)</span> 
     </span>
    </p>
   </div>
   <div class='ocr_carea' id='block_1_8' title="bbox 523 691 526 703">
    <p class='ocr_par' dir='ltr' id='par_1_8' title="bbox 523 691 526 703">
     <span class='ocr_line' id='line_1_8' title="bbox 523 691 526 703; baseline 0 0"><span class='ocrx_word' id='word_1_14' title='bbox 523 691 526 703; x_wconf 78' lang='lat' dir='ltr'>t</span> 
     </span>
    </p>
   </div>
   <div class='ocr_carea' id='block_1_9' title="bbox 374 701 1171 832">
    <p class='ocr_par' dir='ltr' id='par_1_9' title="bbox 374 701 1171 832">
     <span class='ocr_line' id='line_1_9' title="bbox 374 701 1171 832; baseline -0.011 -21"><span class='ocrx_word' id='word_1_15' title='bbox 374 760 398 826; x_wconf 92' lang='lat'>†</span> <span class='ocrx_word' id='word_1_16' title='bbox 416 757 457 810; x_wconf 85' lang='lat' dir='ltr'>Ex</span> <span class='ocrx_word' id='word_1_17' title='bbox 471 755 627 832; x_wconf 79' lang='lat' dir='ltr'>apographo</span> <span class='ocrx_word' id='word_1_18' title='bbox 641 757 669 807; x_wconf 85' lang='lat' dir='ltr'>in</span> <span class='ocrx_word' id='word_1_19' title='bbox 684 755 745 808; x_wconf 88' lang='lat' dir='ltr'>cod.</span> <span class='ocrx_word' id='word_1_20' title='bbox 761 753 870 818; x_wconf 81' lang='lat' dir='ltr'>Manae.</span> <span class='ocrx_word' id='word_1_21' title='bbox 885 749 928 804; x_wconf 88' lang='grc'>89.</span> <span class='ocrx_word' id='word_1_22' title='bbox 945 701 1005 806; x_wconf 72' lang='lat' dir='ltr'>lto.</span> <span class='ocrx_word' id='word_1_23' title='bbox 1021 745 1066 802; x_wconf 87' lang='lat' dir='ltr'>vt.</span> <span class='ocrx_word' id='word_1_24' title='bbox 1086 767 1112 818; x_wconf 87' lang='lat' dir='ltr'>p.</span> <span class='ocrx_word' id='word_1_25' title='bbox 1125 745 1171 802; x_wconf 86' lang='grc'>69.</span> 
     </span>
    </p>
   </div>
   <div class='ocr_carea' id='block_1_10' title="bbox 300 881 1300 1007">
    <p class='ocr_par' dir='ltr' id='par_1_10' title="bbox 300 881 1300 1007">
     <span class='ocr_line' id='line_1_10' title="bbox 300 881 1300 1007; baseline -0.016 -21"><span class='ocrx_word' id='word_1_26' title='bbox 300 881 427 986; x_wconf 60' lang='lat' dir='ltr'>vRatio</span> <span class='ocrx_word' id='word_1_27' title='bbox 454 911 661 986; x_wconf 83' lang='lat' dir='ltr'>stadiorum</span> <span class='ocrx_word' id='word_1_28' title='bbox 695 910 926 1007; x_wconf 83' lang='lat' dir='ltr'>praescripta</span> <span class='ocrx_word' id='word_1_29' title='bbox 962 902 1177 977; x_wconf 79' lang='lat' dir='ltr'>Andreae</span> <span class='ocrx_word' id='word_1_30' title='bbox 1212 896 1300 972; x_wconf 91' lang='lat' dir='ltr'>Po-</span> 
     </span>
    </p>
   </div>
   <div class='ocr_carea' id='block_1_11' title="bbox 493 1005 1118 1109">
    <p class='ocr_par' dir='ltr' id='par_1_11' title="bbox 493 1005 1118 1109">
     <span class='ocr_line' id='line_1_11' title="bbox 493 1005 1118 1109; baseline -0.006 -24"><span class='ocrx_word' id='word_1_31' title='bbox 493 1013 599 1088; x_wconf 88' lang='lat' dir='ltr'>lono</span> <span class='ocrx_word' id='word_1_32' title='bbox 624 1039 649 1084; x_wconf 86' lang='lat' dir='ltr'>o</span> <span class='ocrx_word' id='word_1_33' title='bbox 666 1006 846 1109; x_wconf 82' lang='lat' dir='ltr'>Philippo</span> <span class='ocrx_word' id='word_1_34' title='bbox 859 1005 1118 1092; x_wconf 73' lang='lat' dir='ltr'>Melanthum.</span> 
     </span>
    </p>
   </div>
   <div class='ocr_carea' id='block_1_12' title="bbox 308 1153 1304 1459">
    <p class='ocr_par' dir='ltr' id='par_1_12' title="bbox 308 1153 1304 1459">
     <span class='ocr_line' id='line_1_12' title="bbox 308 1153 1301 1256; baseline -0.009 -21"><span class='ocrx_word' id='word_1_35' title='bbox 308 1153 385 1235; x_wconf 82' lang='lat' dir='ltr'>Die</span> <span class='ocrx_word' id='word_1_36' title='bbox 409 1167 531 1240; x_wconf 87' lang='lat' dir='ltr'>Lunae</span> <span class='ocrx_word' id='word_1_37' title='bbox 558 1182 591 1253; x_wconf 88' lang='lat' dir='ltr'>et</span> <span class='ocrx_word' id='word_1_38' title='bbox 606 1167 736 1237; x_wconf 90' lang='lat' dir='ltr'>Martis</span> <span class='ocrx_word' id='word_1_39' title='bbox 759 1189 864 1234; x_wconf 93' lang='lat' dir='ltr'>mane</span> <span class='ocrx_word' id='word_1_40' title='bbox 886 1187 1032 1256; x_wconf 80' lang='lat' dir='ltr'>surgens</span> <span class='ocrx_word' id='word_1_41' title='bbox 1056 1161 1163 1251; x_wconf 86' lang='lat' dir='ltr'>legito</span> <span class='ocrx_word' id='word_1_42' title='bbox 1188 1183 1301 1229; x_wconf 89' lang='lat' dir='ltr'>unum</span> 
     </span>
     <span class='ocr_line' id='line_1_13' title="bbox 311 1263 1304 1358; baseline -0.009 -22"><span class='ocrx_word' id='word_1_43' title='bbox 311 1284 415 1358; x_wconf 91' lang='lat' dir='ltr'>caput</span> <span class='ocrx_word' id='word_1_44' title='bbox 430 1271 556 1340; x_wconf 87' lang='lat' dir='ltr'>veteris</span> <span class='ocrx_word' id='word_1_45' title='bbox 573 1269 786 1353; x_wconf 74' lang='lat' dir='ltr'><strong>testamenti,</strong></span> <span class='ocrx_word' id='word_1_46' title='bbox 813 1281 847 1338; x_wconf 90' lang='lat' dir='ltr'>et</span> <span class='ocrx_word' id='word_1_47' title='bbox 862 1267 988 1336; x_wconf 90' lang='lat' dir='ltr'>ordine</span> <span class='ocrx_word' id='word_1_48' title='bbox 1003 1275 1117 1335; x_wconf 84' lang='lat' dir='ltr'>textus</span> <span class='ocrx_word' id='word_1_49' title='bbox 1132 1263 1236 1352; x_wconf 89' lang='lat' dir='ltr'>legas,</span> <span class='ocrx_word' id='word_1_50' title='bbox 1262 1273 1304 1328; x_wconf 93' lang='lat' dir='ltr'>ut</span> 
     </span>
     <span class='ocr_line' id='line_1_14' title="bbox 311 1367 1303 1459; baseline -0.009 -22"><span class='ocrx_word' id='word_1_51' title='bbox 311 1371 435 1439; x_wconf 85' lang='lat' dir='ltr'>seriem</span> <span class='ocrx_word' id='word_1_52' title='bbox 457 1367 627 1442; x_wconf 79' lang='lat' dir='ltr'><strong>historiae</strong></span> <span class='ocrx_word' id='word_1_53' title='bbox 640 1385 735 1440; x_wconf 86' lang='lat' dir='ltr'>recte</span> <span class='ocrx_word' id='word_1_54' title='bbox 751 1371 884 1453; x_wconf 87' lang='lat' dir='ltr'>discas,</span> <span class='ocrx_word' id='word_1_55' title='bbox 921 1383 956 1438; x_wconf 91' lang='lat' dir='ltr'>et</span> <span class='ocrx_word' id='word_1_56' title='bbox 974 1369 1050 1459; x_wconf 90' lang='lat' dir='ltr'>ipsa</span> <span class='ocrx_word' id='word_1_57' title='bbox 1069 1367 1175 1434; x_wconf 90' lang='lat' dir='ltr'>verba</span> <span class='ocrx_word' id='word_1_58' title='bbox 1189 1375 1303 1434; x_wconf 86' lang='lat' dir='ltr'>textus</span> 
     </span>
    </p>
   </div>
   <div class='ocr_carea' id='block_1_13' title="bbox 308 1463 1346 1544">
    <p class='ocr_par' dir='ltr' id='par_1_13' title="bbox 308 1463 1346 1544">
     <span class='ocr_line' id='line_1_15' title="bbox 308 1463 1346 1544; baseline -0.007 -5"><span class='ocrx_word' id='word_1_59' title='bbox 308 1472 398 1542; x_wconf 82' lang='lat' dir='ltr'>bant</span> <span class='ocrx_word' id='word_1_60' title='bbox 416 1472 483 1542; x_wconf 91' lang='lat' dir='ltr'>tibi</span> <span class='ocrx_word' id='word_1_61' title='bbox 505 1474 706 1544; x_wconf 82' lang='lat' dir='ltr'>familiaria.</span> <span class='ocrx_word' id='word_1_62' title='bbox 747 1463 888 1541; x_wconf 75' lang='lat' dir='ltr'>&#39;Postea</span> <span class='ocrx_word' id='word_1_63' title='bbox 915 1465 1000 1539; x_wconf 92' lang='lat' dir='ltr'>bora</span> <span class='ocrx_word' id='word_1_64' title='bbox 1027 1470 1071 1538; x_wconf 87' lang='lat' dir='ltr'>sit</span> <span class='ocrx_word' id='word_1_65' title='bbox 1096 1468 1154 1536; x_wconf 87' lang='lat' dir='ltr'>die&#39;</span> <span class='ocrx_word' id='word_1_66' title='bbox 1179 1465 1303 1534; x_wconf 83' lang='lat' dir='ltr'>Lunae</span> <span class='ocrx_word' id='word_1_67' title='bbox 1343 1511 1346 1517; x_wconf 78' lang='lat'>,</span> 
     </span>
    </p>
   </div>
   <div class='ocr_carea' id='block_1_14' title="bbox 310 1564 1303 1952">
    <p class='ocr_par' dir='ltr' id='par_1_14' title="bbox 310 1564 1303 1952">
     <span class='ocr_line' id='line_1_16' title="bbox 310 1564 1303 1663; baseline -0.002 -25"><span class='ocrx_word' id='word_1_68' title='bbox 310 1574 542 1663; x_wconf 81' lang='lat' dir='ltr'>epistolarum</span> <span class='ocrx_word' id='word_1_69' title='bbox 561 1573 744 1646; x_wconf 75' lang='lat' dir='ltr'>Ciceronis</span> <span class='ocrx_word' id='word_1_70' title='bbox 760 1585 821 1642; x_wconf 88' lang='lat' dir='ltr'>aut</span> <span class='ocrx_word' id='word_1_71' title='bbox 838 1569 1075 1654; x_wconf 90' lang='lat' dir='ltr'>Orationum,</span> <span class='ocrx_word' id='word_1_72' title='bbox 1101 1570 1159 1638; x_wconf 93' lang='lat' dir='ltr'>die</span> <span class='ocrx_word' id='word_1_73' title='bbox 1175 1564 1303 1636; x_wconf 88' lang='lat' dir='ltr'>Martis</span> 
     </span>
     <span class='ocr_line' id='line_1_17' title="bbox 313 1669 1302 1759; baseline -0.006 -18"><span class='ocrx_word' id='word_1_74' title='bbox 313 1671 478 1744; x_wconf 78' lang='lat' dir='ltr'>Terentii</span> <span class='ocrx_word' id='word_1_75' title='bbox 510 1690 570 1746; x_wconf 90' lang='lat' dir='ltr'>aut</span> <span class='ocrx_word' id='word_1_76' title='bbox 592 1679 776 1745; x_wconf 89' lang='lat' dir='ltr'>iucundae.</span> <span class='ocrx_word' id='word_1_77' title='bbox 792 1675 952 1746; x_wconf 88' lang='lat' dir='ltr'>lectionis</span> <span class='ocrx_word' id='word_1_78' title='bbox 976 1698 1018 1742; x_wconf 82' lang='lat' dir='ltr'>ex</span> <span class='ocrx_word' id='word_1_79' title='bbox 1040 1673 1110 1740; x_wconf 90' lang='lat' dir='ltr'>alio</span> <span class='ocrx_word' id='word_1_80' title='bbox 1132 1669 1302 1759; x_wconf 75' lang='lat' dir='ltr'>scriptore</span> 
     </span>
     <span class='ocr_line' id='line_1_18' title="bbox 310 1774 1303 1871; baseline -0.011 -25"><span class='ocrx_word' id='word_1_81' title='bbox 310 1777 520 1866; x_wconf 85' lang='lat' dir='ltr'>profuturae</span> <span class='ocrx_word' id='word_1_82' title='bbox 548 1781 592 1848; x_wconf 92' lang='lat' dir='ltr'>ad</span> <span class='ocrx_word' id='word_1_83' title='bbox 622 1778 876 1871; x_wconf 88' lang='lat' dir='ltr'>eloquentiam.</span> <span class='ocrx_word' id='word_1_84' title='bbox 941 1774 1303 1867; x_wconf 71' lang='lat' dir='ltr'>Beliqwmtempus</span> 
     </span>
     <span class='ocr_line' id='line_1_19' title="bbox 312 1871 1302 1952; baseline -0.007 -6"><span class='ocrx_word' id='word_1_85' title='bbox 312 1880 632 1952; x_wconf 88' lang='lat' dir='ltr'>antemeridianum</span> <span class='ocrx_word' id='word_1_86' title='bbox 657 1881 806 1950; x_wconf 81' lang='lat' dir='ltr'>tribuito</span> <span class='ocrx_word' id='word_1_87' title='bbox 832 1878 1046 1950; x_wconf 87' lang='lat' dir='ltr'>lectionibus</span> <span class='ocrx_word' id='word_1_88' title='bbox 1064 1871 1105 1948; x_wconf 89' lang='lat' dir='ltr'><em>V</em></span> <span class='ocrx_word' id='word_1_89' title='bbox 1103 1873 1150 1944; x_wconf 83' lang='lat' dir='ltr'>s&#39;ts&#39;</span> <span class='ocrx_word' id='word_1_90' title='bbox 1170 1886 1206 1944; x_wconf 90' lang='lat' dir='ltr'>et</span> <span class='ocrx_word' id='word_1_91' title='bbox 1226 1873 1302 1942; x_wconf 88' lang='lat' dir='ltr'>dia-</span> 
     </span>
    </p>
   </div>
   <div class='ocr_carea' id='block_1_15' title="bbox 190 1974 1303 2062">
    <p class='ocr_par' dir='ltr' id='par_1_15' title="bbox 190 1974 1303 2062">
     <span class='ocr_line' id='line_1_20' title="bbox 190 1974 1303 2062; baseline -0.006 -13"><span class='ocrx_word' id='word_1_92' title='bbox 190 2017 195 2025; x_wconf 91' lang='lat'><em>·</em></span> <span class='ocrx_word' id='word_1_93' title='bbox 311 1979 455 2053; x_wconf 86' lang='lat' dir='ltr'>lecticis.</span> <span class='ocrx_word' id='word_1_94' title='bbox 509 1981 593 2052; x_wconf 86' lang='lat' dir='ltr'>Post</span> <span class='ocrx_word' id='word_1_95' title='bbox 614 1983 797 2062; x_wconf 82' lang='lat' dir='ltr'>meridiem</span> <span class='ocrx_word' id='word_1_96' title='bbox 821 1980 943 2052; x_wconf 90' lang='lat' dir='ltr'>audito</span> <span class='ocrx_word' id='word_1_97' title='bbox 960 1980 1093 2048; x_wconf 87' lang='lat' dir='ltr'>librum</span> <span class='ocrx_word' id='word_1_98' title='bbox 1110 1974 1303 2048; x_wconf 86' lang='lat' dir='ltr'>de&#39;Anima</span> 
     </span>
    </p>
   </div>
   <div class='ocr_carea' id='block_1_16' title="bbox 310 2079 1304 2372">
    <p class='ocr_par' dir='ltr' id='par_1_16' title="bbox 310 2079 1304 2372">
     <span class='ocr_line' id='line_1_21' title="bbox 312 2079 1304 2174; baseline -0.003 -28"><span class='ocrx_word' id='word_1_99' title='bbox 312 2093 346 2148; x_wconf 91' lang='lat' dir='ltr'>et</span> <span class='ocrx_word' id='word_1_100' title='bbox 370 2079 560 2151; x_wconf 86' lang='lat' dir='ltr'>Ebraicam</span> <span class='ocrx_word' id='word_1_101' title='bbox 582 2081 872 2154; x_wconf 89' lang='lat' dir='ltr'>Grammaticam.</span> <span class='ocrx_word' id='word_1_102' title='bbox 945 2079 1139 2174; x_wconf 85' lang='lat' dir='ltr'>Reliquum</span> <span class='ocrx_word' id='word_1_103' title='bbox 1165 2094 1304 2167; x_wconf 92' lang='lat' dir='ltr'>tempus</span> 
     </span>
     <span class='ocr_line' id='line_1_22' title="bbox 310 2178 1303 2279; baseline -0.003 -29"><span class='ocrx_word' id='word_1_104' title='bbox 310 2181 460 2252; x_wconf 87' lang='lat' dir='ltr'>tribuito</span> <span class='ocrx_word' id='word_1_105' title='bbox 484 2185 571 2252; x_wconf 87' lang='lat' dir='ltr'>alias</span> <span class='ocrx_word' id='word_1_106' title='bbox 595 2185 758 2254; x_wconf 83' lang='lat' dir='ltr'>exercitio</span> <span class='ocrx_word' id='word_1_107' title='bbox 778 2185 880 2279; x_wconf 88' lang='lat' dir='ltr'>styli,</span> <span class='ocrx_word' id='word_1_108' title='bbox 915 2183 1002 2252; x_wconf 88' lang='lat' dir='ltr'>alias</span> <span class='ocrx_word' id='word_1_109' title='bbox 1023 2181 1222 2274; x_wconf 86' lang='lat' dir='ltr'>cuicunque</span> <span class='ocrx_word' id='word_1_110' title='bbox 1247 2178 1303 2247; x_wconf 91' lang='lat' dir='ltr'>iu·</span> 
     </span>
     <span class='ocr_line' id='line_1_23' title="bbox 313 2275 1303 2372; baseline -0.001 -23"><span class='ocrx_word' id='word_1_111' title='bbox 313 2288 449 2352; x_wconf 89' lang='lat' dir='ltr'>cnndae</span> <span class='ocrx_word' id='word_1_112' title='bbox 465 2286 609 2355; x_wconf 86' lang='lat' dir='ltr'>lectioni</span> <span class='ocrx_word' id='word_1_113' title='bbox 627 2309 805 2356; x_wconf 91' lang='lat' dir='ltr'>novorum</span> <span class='ocrx_word' id='word_1_114' title='bbox 825 2299 887 2355; x_wconf 90' lang='lat' dir='ltr'>aut</span> <span class='ocrx_word' id='word_1_115' title='bbox 902 2298 1062 2353; x_wconf 84' lang='lat' dir='ltr'>veterum</span> <span class='ocrx_word' id='word_1_116' title='bbox 1079 2275 1303 2372; x_wconf 78' lang='lat' dir='ltr'>scriptorum.</span> 
     </span>
    </p>
   </div>
   <div class='ocr_carea' id='block_1_17' title="bbox 312 2433 1304 2733">
    <p class='ocr_par' dir='ltr' id='par_1_17' title="bbox 312 2433 1304 2733">
     <span class='ocr_line' id='line_1_24' title="bbox 415 2433 1304 2525; baseline -0.001 -21"><span class='ocrx_word' id='word_1_117' title='bbox 415 2433 519 2505; x_wconf 90' lang='lat' dir='ltr'>Diem</span> <span class='ocrx_word' id='word_1_118' title='bbox 529 2436 701 2508; x_wconf 86' lang='lat' dir='ltr'>Mercurii</span> <span class='ocrx_word' id='word_1_119' title='bbox 715 2451 831 2508; x_wconf 90' lang='lat' dir='ltr'>totum</span> <span class='ocrx_word' id='word_1_120' title='bbox 842 2436 992 2507; x_wconf 90' lang='lat' dir='ltr'>tribuito</span> <span class='ocrx_word' id='word_1_121' title='bbox 1008 2459 1149 2525; x_wconf 76' lang='lat' dir='ltr'>graecae</span> <span class='ocrx_word' id='word_1_122' title='bbox 1162 2435 1304 2524; x_wconf 88' lang='lat' dir='ltr'>linguae</span> 
     </span>
     <span class='ocr_line' id='line_1_25' title="bbox 312 2531 1304 2631; baseline -0.002 -25"><span class='ocrx_word' id='word_1_123' title='bbox 312 2549 346 2606; x_wconf 90' lang='lat' dir='ltr'>et</span> <span class='ocrx_word' id='word_1_124' title='bbox 363 2532 498 2607; x_wconf 85' lang='lat' dir='ltr'>ethicis.</span> <span class='ocrx_word' id='word_1_125' title='bbox 542 2537 616 2610; x_wconf 91' lang='lat' dir='ltr'>Nec</span> <span class='ocrx_word' id='word_1_126' title='bbox 632 2539 873 2631; x_wconf 84' lang='lat' dir='ltr'>superstitiose</span> <span class='ocrx_word' id='word_1_127' title='bbox 889 2531 948 2608; x_wconf 88' lang='lat' dir='ltr'>bic</span> <span class='ocrx_word' id='word_1_128' title='bbox 965 2539 1053 2610; x_wconf 92' lang='lat' dir='ltr'>ordo</span> <span class='ocrx_word' id='word_1_129' title='bbox 1073 2537 1304 2627; x_wconf 85' lang='lat' dir='ltr'>intelligatur,</span> 
     </span>
     <span class='ocr_line' id='line_1_26' title="bbox 313 2639 1304 2733; baseline 0.001 -27"><span class='ocrx_word' id='word_1_130' title='bbox 313 2639 373 2707; x_wconf 86' lang='lat' dir='ltr'>sed</span> <span class='ocrx_word' id='word_1_131' title='bbox 395 2640 610 2711; x_wconf 81' lang='lat' dir='ltr'>misceantur</span> <span class='ocrx_word' id='word_1_132' title='bbox 630 2641 807 2712; x_wconf 88' lang='lat' dir='ltr'>iucundae</span> <span class='ocrx_word' id='word_1_133' title='bbox 829 2641 999 2711; x_wconf 82' lang='lat' dir='ltr'>lectiones</span> <span class='ocrx_word' id='word_1_134' title='bbox 1021 2640 1076 2709; x_wconf 84' lang='lat' dir='ltr'>rel</span> <span class='ocrx_word' id='word_1_135' title='bbox 1099 2639 1181 2733; x_wconf 89' lang='lat' dir='ltr'>styli</span> <span class='ocrx_word' id='word_1_136' title='bbox 1205 2659 1304 2708; x_wconf 83' lang='lat' dir='ltr'>exer-</span> 
     </span>
    </p>
   </div>
   <div class='ocr_carea' id='block_1_18' title="bbox 318 2805 544 2823">
    <p class='ocr_par' dir='ltr' id='par_1_18' title="bbox 318 2805 544 2823">
     <span class='ocr_line' id='line_1_27' title="bbox 318 2805 544 2823; baseline -0.004 -2"><span class='ocrx_word' id='word_1_137' title='bbox 318 2805 544 2823; x_wconf 52' lang='lat' dir='ltr'>m-</span> 
     </span>
    </p>
   </div>
   <div class='ocr_carea' id='block_1_19' title="bbox 371 2901 1109 2973">
    <p class='ocr_par' dir='ltr' id='par_1_19' title="bbox 371 2901 1109 2973">
     <span class='ocr_line' id='line_1_28' title="bbox 371 2901 1109 2973; baseline 0 -18"><span class='ocrx_word' id='word_1_138' title='bbox 371 2901 465 2958; x_wconf 66' lang='lat' dir='ltr'>vAliud</span> <span class='ocrx_word' id='word_1_139' title='bbox 480 2921 591 2959; x_wconf 77' lang='lat' dir='ltr'>mrmesa</span> <span class='ocrx_word' id='word_1_140' title='bbox 605 2902 709 2958; x_wconf 79' lang='lat' dir='ltr'>ibidem</span> <span class='ocrx_word' id='word_1_141' title='bbox 723 2902 801 2957; x_wconf 80' lang='lat' dir='ltr'>bunc</span> <span class='ocrx_word' id='word_1_142' title='bbox 814 2901 899 2956; x_wconf 85' lang='lat' dir='ltr'>ritum</span> <span class='ocrx_word' id='word_1_143' title='bbox 914 2901 952 2954; x_wconf 86' lang='lat' dir='ltr'>ita</span> <span class='ocrx_word' id='word_1_144' title='bbox 969 2901 1109 2973; x_wconf 79' lang='lat' dir='ltr'>depingit:</span> 
     </span>
    </p>
   </div>
   <div class='ocr_carea' id='block_1_20' title="bbox 516 3005 1073 3282">
    <p class='ocr_par' dir='ltr' id='par_1_20' title="bbox 516 3001 1073 3282">
     <span class='ocr_line' id='line_1_29' title="bbox 517 3005 1073 3132; baseline -0.016 0"><span class='ocrx_word' id='word_1_145' title='bbox 517 3005 685 3132; x_wconf 66' lang='lat' dir='ltr'>..aaa</span> <span class='ocrx_word' id='word_1_146' title='bbox 1071 3061 1073 3069; x_wconf 27' lang='grc' dir='ltr'><em>ψ</em></span> 
     </span>
     <span class='ocr_line' id='line_1_30' title="bbox 516 3091 932 3266; baseline -0.005 -70"><span class='ocrx_word' id='word_1_147' title='bbox 516 3143 602 3266; x_wconf 55' lang='lat' dir='ltr'>guod</span> <span class='ocrx_word' id='word_1_148' title='bbox 621 3093 750 3223; x_wconf 61' lang='lat' dir='ltr'>appaiatu</span> <span class='ocrx_word' id='word_1_149' title='bbox 768 3091 853 3221; x_wconf 71' lang='lat' dir='ltr'>divite⁸</span> <span class='ocrx_word' id='word_1_150' title='bbox 872 3109 884 3142; x_wconf 60' lang='lat'><strong><em>¹</em></strong></span> <span class='ocrx_word' id='word_1_151' title='bbox 930 3189 932 3194; x_wconf 93' lang='lat'>.</span> 
     </span>
     <span class='ocr_line' id='line_1_31' title="bbox 543 3216 893 3282; baseline -0.006 -18"><span class='ocrx_word' id='word_1_152' title='bbox 543 3230 621 3282; x_wconf 89' lang='lat' dir='ltr'>ospes</span> <span class='ocrx_word' id='word_1_153' title='bbox 638 3220 762 3282; x_wconf 80' lang='lat' dir='ltr'>pararrt,</span> <span class='ocrx_word' id='word_1_154' title='bbox 782 3216 893 3264; x_wconf 75' lang='lat' dir='ltr'>eumue.</span> 
     </span>
    </p>
   </div>
   <div class='ocr_carea' id='block_1_21' title="bbox 513 3307 927 3571">
    <p class='ocr_par' dir='ltr' id='par_1_21' title="bbox 513 3307 927 3571">
     <span class='ocr_line' id='line_1_32' title="bbox 553 3307 876 3364; baseline -0.012 0"><span class='ocrx_word' id='word_1_155' title='bbox 553 3310 660 3364; x_wconf 59' lang='lat' dir='ltr'>seme</span> <span class='ocrx_word' id='word_1_156' title='bbox 679 3307 730 3362; x_wconf 89' lang='lat' dir='ltr'>iste</span> <span class='ocrx_word' id='word_1_157' title='bbox 747 3307 876 3364; x_wconf 80' lang='lat' dir='ltr'>sordidus</span> 
     </span>
     <span class='ocr_line' id='line_1_33' title="bbox 516 3375 925 3437; baseline -0.007 -5"><span class='ocrx_word' id='word_1_158' title='bbox 516 3378 536 3432; x_wconf 83' lang='lat' dir='ltr'>S</span> <span class='ocrx_word' id='word_1_159' title='bbox 589 3375 688 3432; x_wconf 85' lang='lat' dir='ltr'>tardus</span> <span class='ocrx_word' id='word_1_160' title='bbox 704 3375 766 3432; x_wconf 86' lang='lat' dir='ltr'>altis</span> <span class='ocrx_word' id='word_1_161' title='bbox 783 3376 925 3437; x_wconf 84' lang='lat' dir='ltr'>cornibus,</span> 
     </span>
     <span class='ocr_line' id='line_1_34' title="bbox 546 3443 927 3514; baseline -0.005 -14"><span class='ocrx_word' id='word_1_162' title='bbox 546 3458 556 3500; x_wconf 92' lang='lat' dir='ltr'>t</span> <span class='ocrx_word' id='word_1_163' title='bbox 575 3448 610 3500; x_wconf 88' lang='lat' dir='ltr'>sit</span> <span class='ocrx_word' id='word_1_164' title='bbox 628 3463 718 3500; x_wconf 83' lang='lat' dir='ltr'>novus</span> <span class='ocrx_word' id='word_1_165' title='bbox 734 3443 927 3514; x_wconf 64' lang='lat' dir='ltr'>smolastisus,</span> 
     </span>
     <span class='ocr_line' id='line_1_35' title="bbox 513 3513 881 3571; baseline -0.008 -1"><span class='ocrx_word' id='word_1_166' title='bbox 513 3513 667 3570; x_wconf 80' lang='lat' dir='ltr'>Providerit</span> <span class='ocrx_word' id='word_1_167' title='bbox 683 3514 717 3568; x_wconf 83' lang='lat' dir='ltr'>de</span> <span class='ocrx_word' id='word_1_168' title='bbox 734 3513 881 3571; x_wconf 81' lang='lat' dir='ltr'>sumtdsus.</span> 
     </span>
    </p>
   </div>
   <div class='ocr_carea' id='block_1_22' title="bbox 511 3611 1068 3879">
    <p class='ocr_par' dir='ltr' id='par_1_22' title="bbox 511 3611 1068 3879">
     <span class='ocr_line' id='line_1_36' title="bbox 534 3611 1068 3686; baseline -0.011 -12"><span class='ocrx_word' id='word_1_169' title='bbox 534 3615 612 3674; x_wconf 79' lang='lat' dir='ltr'>,Mos</span> <span class='ocrx_word' id='word_1_170' title='bbox 630 3623 684 3680; x_wconf 87' lang='lat' dir='ltr'>est,</span> <span class='ocrx_word' id='word_1_171' title='bbox 701 3615 793 3672; x_wconf 84' lang='lat' dir='ltr'>cibum</span> <span class='ocrx_word' id='word_1_172' title='bbox 813 3611 987 3686; x_wconf 75' lang='lat' dir='ltr'>magnatibus</span> <span class='ocrx_word' id='word_1_173' title='bbox 1064 3629 1068 3636; x_wconf 91' lang='grc'><strong><em>·</em></strong></span> 
     </span>
     <span class='ocr_line' id='line_1_37' title="bbox 513 3684 836 3756; baseline -0.003 -15"><span class='ocrx_word' id='word_1_174' title='bbox 513 3685 634 3741; x_wconf 82' lang='lat' dir='ltr'>Condire</span> <span class='ocrx_word' id='word_1_175' title='bbox 652 3684 836 3756; x_wconf 85' lang='lat' dir='ltr'>morionibus,</span> 
     </span>
     <span class='ocr_line' id='line_1_38' title="bbox 512 3753 980 3812; baseline -0.009 -3"><span class='ocrx_word' id='word_1_176' title='bbox 512 3755 571 3812; x_wconf 84' lang='lat' dir='ltr'>Nos</span> <span class='ocrx_word' id='word_1_177' title='bbox 589 3753 655 3809; x_wconf 82' lang='lat' dir='ltr'>dum</span> <span class='ocrx_word' id='word_1_178' title='bbox 674 3754 799 3810; x_wconf 81' lang='lat' dir='ltr'>iocamur</span> <span class='ocrx_word' id='word_1_179' title='bbox 817 3753 937 3808; x_wconf 84' lang='lat' dir='ltr'>crassius</span> <span class='ocrx_word' id='word_1_180' title='bbox 973 3755 980 3762; x_wconf 86' lang='lat'>&#39;</span> 
     </span>
     <span class='ocr_line' id='line_1_39' title="bbox 511 3822 912 3879; baseline -0.005 0"><span class='ocrx_word' id='word_1_181' title='bbox 511 3823 597 3879; x_wconf 81' lang='lat' dir='ltr'>lionis</span> <span class='ocrx_word' id='word_1_182' title='bbox 616 3823 760 3879; x_wconf 74' lang='lat' dir='ltr'>studemus</span> <span class='ocrx_word' id='word_1_183' title='bbox 778 3822 912 3878; x_wconf 79' lang='lat' dir='ltr'>moribus.</span> 
     </span>
    </p>
   </div>
   <div class='ocr_carea' id='block_1_23' title="bbox 399 3923 1117 4205">
    <p class='ocr_par' dir='ltr' id='par_1_23' title="bbox 399 3923 1117 4205">
     <span class='ocr_line' id='line_1_40' title="bbox 544 3923 985 4000; baseline -0.005 -18"><span class='ocrx_word' id='word_1_184' title='bbox 544 3927 664 3998; x_wconf 84' lang='lat' dir='ltr'>Lignum</span> <span class='ocrx_word' id='word_1_185' title='bbox 682 3925 812 3983; x_wconf 68' lang='lat' dir='ltr'>ieiunus</span> <span class='ocrx_word' id='word_1_186' title='bbox 828 3923 985 4000; x_wconf 72' lang='lat' dir='ltr'>borridum.</span> 
     </span>
     <span class='ocr_line' id='line_1_41' title="bbox 511 3995 1117 4062; baseline 0 -12"><span class='ocrx_word' id='word_1_187' title='bbox 511 3995 641 4050; x_wconf 66' lang='lat' dir='ltr'>&amp;assum</span> <span class='ocrx_word' id='word_1_188' title='bbox 659 3996 784 4050; x_wconf 80' lang='lat' dir='ltr'>dotamus</span> <span class='ocrx_word' id='word_1_189' title='bbox 800 3995 946 4062; x_wconf 77' lang='lat' dir='ltr'>rusticum,</span> <span class='ocrx_word' id='word_1_190' title='bbox 1113 4043 1117 4050; x_wconf 82' lang='lat'>.</span> 
     </span>
     <span class='ocr_line' id='line_1_42' title="bbox 399 4061 1023 4136; baseline -0.008 -14"><span class='ocrx_word' id='word_1_191' title='bbox 399 4117 400 4122; x_wconf 75' lang='grc'>,</span> <span class='ocrx_word' id='word_1_192' title='bbox 510 4065 635 4119; x_wconf 81' lang='lat' dir='ltr'>Currum</span> <span class='ocrx_word' id='word_1_193' title='bbox 653 4063 727 4136; x_wconf 80' lang='lat' dir='ltr'>quod</span> <span class='ocrx_word' id='word_1_194' title='bbox 746 4073 786 4118; x_wconf 89' lang='lat' dir='ltr'>est</span> <span class='ocrx_word' id='word_1_195' title='bbox 803 4061 857 4118; x_wconf 86' lang='lat' dir='ltr'>bec</span> <span class='ocrx_word' id='word_1_196' title='bbox 874 4063 1023 4132; x_wconf 83' lang='lat' dir='ltr'>flectimus,</span> 
     </span>
     <span class='ocr_line' id='line_1_43' title="bbox 508 4131 1066 4205; baseline -0.007 -16"><span class='ocrx_word' id='word_1_197' title='bbox 508 4135 606 4189; x_wconf 79' lang='lat' dir='ltr'>Altum</span> <span class='ocrx_word' id='word_1_198' title='bbox 622 4133 700 4205; x_wconf 72' lang='lat' dir='ltr'>quod</span> <span class='ocrx_word' id='word_1_199' title='bbox 717 4143 757 4187; x_wconf 91' lang='lat' dir='ltr'>est</span> <span class='ocrx_word' id='word_1_200' title='bbox 776 4131 949 4204; x_wconf 76' lang='lat' dir='ltr'>deponimus.</span> <span class='ocrx_word' id='word_1_201' title='bbox 1063 4175 1066 4185; x_wconf 94' lang='grc'><strong>.</strong></span> 
     </span>
    </p>
   </div>
   <div class='ocr_carea' id='block_1_24' title="bbox 510 4231 1001 4494">
    <p class='ocr_par' dir='ltr' id='par_1_24' title="bbox 510 4231 1001 4494">
     <span class='ocr_line' id='line_1_44' title="bbox 549 4231 1001 4288; baseline -0.004 0"><span class='ocrx_word' id='word_1_202' title='bbox 549 4231 590 4288; x_wconf 86' lang='lat' dir='ltr'>Ut</span> <span class='ocrx_word' id='word_1_203' title='bbox 607 4231 682 4288; x_wconf 78' lang='lat' dir='ltr'>laune</span> <span class='ocrx_word' id='word_1_204' title='bbox 700 4249 801 4286; x_wconf 80' lang='lat' dir='ltr'>norum</span> <span class='ocrx_word' id='word_1_205' title='bbox 818 4249 867 4285; x_wconf 85' lang='lat' dir='ltr'>seu</span> <span class='ocrx_word' id='word_1_206' title='bbox 885 4231 1001 4287; x_wconf 86' lang='lat' dir='ltr'>militem</span> 
     </span>
     <span class='ocr_line' id='line_1_45' title="bbox 512 4301 951 4356; baseline 0 0"><span class='ocrx_word' id='word_1_207' title='bbox 512 4301 641 4356; x_wconf 82' lang='lat' dir='ltr'>Nostrum</span> <span class='ocrx_word' id='word_1_208' title='bbox 659 4301 760 4355; x_wconf 80' lang='lat' dir='ltr'>referre</span> <span class='ocrx_word' id='word_1_209' title='bbox 778 4302 807 4354; x_wconf 90' lang='lat' dir='ltr'>iu</span> <span class='ocrx_word' id='word_1_210' title='bbox 826 4301 951 4356; x_wconf 79' lang='lat' dir='ltr'>ordinem</span> 
     </span>
     <span class='ocr_line' id='line_1_46' title="bbox 510 4367 943 4494; baseline 0 -1"><span class='ocrx_word' id='word_1_211' title='bbox 510 4367 770 4493; x_wconf 69' lang='lat' dir='ltr'>tatastat</span> <span class='ocrx_word' id='word_1_212' title='bbox 786 4367 826 4494; x_wconf 79' lang='lat' dir='ltr'>ii</span> <span class='ocrx_word' id='word_1_213' title='bbox 840 4370 943 4493; x_wconf 69' lang='lat' dir='ltr'>itt...</span> 
     </span>
    </p>
   </div>
   <div class='ocr_carea' id='block_1_25' title="bbox 507 4540 910 4820">
    <p class='ocr_par' dir='ltr' id='par_1_25' title="bbox 507 4540 910 4820">
     <span class='ocr_line' id='line_1_47' title="bbox 546 4540 856 4600; baseline -0.006 -2"><span class='ocrx_word' id='word_1_214' title='bbox 546 4540 698 4598; x_wconf 77' lang='lat' dir='ltr'>Contrariis</span> <span class='ocrx_word' id='word_1_215' title='bbox 716 4541 856 4600; x_wconf 80' lang='lat' dir='ltr'>contraris</span> 
     </span>
     <span class='ocr_line' id='line_1_48' title="bbox 510 4609 910 4680; baseline -0.003 -13"><span class='ocrx_word' id='word_1_216' title='bbox 510 4613 638 4668; x_wconf 75' lang='lat' dir='ltr'>Curanda</span> <span class='ocrx_word' id='word_1_217' title='bbox 656 4609 811 4680; x_wconf 76' lang='lat' dir='ltr'>pharnacis</span> <span class='ocrx_word' id='word_1_218' title='bbox 827 4610 910 4680; x_wconf 69' lang='lat' dir='ltr'>mals,</span> 
     </span>
     <span class='ocr_line' id='line_1_49' title="bbox 507 4678 834 4748; baseline -0.021 -9"><span class='ocrx_word' id='word_1_219' title='bbox 507 4683 596 4740; x_wconf 69' lang='lat' dir='ltr'>rem</span> <span class='ocrx_word' id='word_1_220' title='bbox 614 4678 721 4734; x_wconf 79' lang='lat' dir='ltr'>Asellus</span> <span class='ocrx_word' id='word_1_221' title='bbox 738 4680 834 4748; x_wconf 80' lang='lat' dir='ltr'>esurit,</span> 
     </span>
     <span class='ocr_line' id='line_1_50' title="bbox 507 4749 879 4820; baseline -0.011 -14"><span class='ocrx_word' id='word_1_222' title='bbox 507 4753 626 4806; x_wconf 80' lang='lat' dir='ltr'>Laetucs</span> <span class='ocrx_word' id='word_1_223' title='bbox 642 4749 728 4806; x_wconf 63' lang='lat' dir='ltr'>labsis.</span> <span class='ocrx_word' id='word_1_224' title='bbox 739 4749 879 4820; x_wconf 73' lang='lat' dir='ltr'>convenit.</span> 
     </span>
    </p>
   </div>
   <div class='ocr_carea' id='block_1_26' title="bbox 508 4847 966 5112">
    <p class='ocr_par' dir='ltr' id='par_1_26' title="bbox 508 4847 966 5042">
     <span class='ocr_line' id='line_1_51' title="bbox 546 4847 935 4922; baseline -0.01 -17"><span class='ocrx_word' id='word_1_225' title='bbox 546 4849 602 4905; x_wconf 90' lang='lat' dir='ltr'>Ubi</span> <span class='ocrx_word' id='word_1_226' title='bbox 621 4847 757 4922; x_wconf 76' lang='lat' dir='ltr'>malignas</span> <span class='ocrx_word' id='word_1_227' title='bbox 775 4851 864 4904; x_wconf 85' lang='lat' dir='ltr'>nodus</span> <span class='ocrx_word' id='word_1_228' title='bbox 882 4853 935 4918; x_wconf 83' lang='lat' dir='ltr'>est,</span> 
     </span>
     <span class='ocr_line' id='line_1_52' title="bbox 508 4917 966 5042; baseline 0.002 -71"><span class='ocrx_word' id='word_1_229' title='bbox 508 4917 691 5042; x_wconf 64' lang='lat' dir='ltr'>guntrardus</span> <span class='ocrx_word' id='word_1_230' title='bbox 709 4933 787 4988; x_wconf 87' lang='lat' dir='ltr'>ssper</span> <span class='ocrx_word' id='word_1_231' title='bbox 805 4918 896 4973; x_wconf 83' lang='lat' dir='ltr'>clavus</span> <span class='ocrx_word' id='word_1_232' title='bbox 915 4928 966 4983; x_wconf 82' lang='lat' dir='ltr'>est,</span> 
     </span>
    </p>

    <p class='ocr_par' dir='ltr' id='par_1_27' title="bbox 509 4988 892 5112">
     <span class='ocr_line' id='line_1_53' title="bbox 539 4988 882 5044; baseline 0.006 -4"><span class='ocrx_word' id='word_1_233' title='bbox 539 4995 550 5040; x_wconf 89' lang='lat' dir='ltr'>t</span> <span class='ocrx_word' id='word_1_234' title='bbox 567 4989 633 5044; x_wconf 78' lang='lat' dir='ltr'>baec</span> <span class='ocrx_word' id='word_1_235' title='bbox 651 4989 777 5041; x_wconf 88' lang='lat' dir='ltr'>dometur</span> <span class='ocrx_word' id='word_1_236' title='bbox 796 4988 882 5043; x_wconf 82' lang='lat' dir='ltr'>bestia</span> 
     </span>
     <span class='ocr_line' id='line_1_54' title="bbox 509 5055 892 5112; baseline 0.008 -3"><span class='ocrx_word' id='word_1_237' title='bbox 509 5055 643 5110; x_wconf 71' lang='lat' dir='ltr'>Addeuds</span> <span class='ocrx_word' id='word_1_238' title='bbox 661 5057 749 5111; x_wconf 80' lang='lat' dir='ltr'>serbis</span> <span class='ocrx_word' id='word_1_239' title='bbox 771 5058 892 5112; x_wconf 74' lang='lat' dir='ltr'>verbera.</span> 
     </span>
    </p>
   </div>
   <div class='ocr_carea' id='block_1_27' title="bbox 509 5157 954 5424">
    <p class='ocr_par' dir='ltr' id='par_1_28' title="bbox 509 5157 954 5424">
     <span class='ocr_line' id='line_1_55' title="bbox 547 5157 954 5216; baseline 0.012 -5"><span class='ocrx_word' id='word_1_240' title='bbox 547 5161 606 5212; x_wconf 74' lang='lat' dir='ltr'>Vos</span> <span class='ocrx_word' id='word_1_241' title='bbox 628 5157 738 5214; x_wconf 85' lang='lat' dir='ltr'>interim</span> <span class='ocrx_word' id='word_1_242' title='bbox 760 5160 824 5213; x_wconf 78' lang='lat' dir='ltr'>dem</span> <span class='ocrx_word' id='word_1_243' title='bbox 843 5158 954 5216; x_wconf 78' lang='lat' dir='ltr'>ludicro</span> 
     </span>
     <span class='ocr_line' id='line_1_56' title="bbox 510 5225 904 5301; baseline 0.008 -22"><span class='ocrx_word' id='word_1_244' title='bbox 510 5225 633 5296; x_wconf 78' lang='lat' dir='ltr'>Tempus</span> <span class='ocrx_word' id='word_1_245' title='bbox 649 5228 718 5282; x_wconf 85' lang='lat' dir='ltr'>datis</span> <span class='ocrx_word' id='word_1_246' title='bbox 733 5229 904 5301; x_wconf 81' lang='lat' dir='ltr'>spectaculo,</span> 
     </span>
     <span class='ocr_line' id='line_1_57' title="bbox 513 5294 857 5369; baseline 0.02 -24"><span class='ocrx_word' id='word_1_247' title='bbox 513 5294 610 5348; x_wconf 84' lang='lat' dir='ltr'>Vultus</span> <span class='ocrx_word' id='word_1_248' title='bbox 626 5314 737 5352; x_wconf 82' lang='lat' dir='ltr'>sereres</span> <span class='ocrx_word' id='word_1_249' title='bbox 754 5297 857 5369; x_wconf 83' lang='lat' dir='ltr'>penite,</span> 
     </span>
     <span class='ocr_line' id='line_1_58' title="bbox 509 5363 910 5424; baseline 0.015 -6"><span class='ocrx_word' id='word_1_250' title='bbox 509 5363 640 5420; x_wconf 73' lang='lat' dir='ltr'>Frontem</span> <span class='ocrx_word' id='word_1_251' title='bbox 658 5384 782 5424; x_wconf 76' lang='lat' dir='ltr'>sessum</span> <span class='ocrx_word' id='word_1_252' title='bbox 797 5367 910 5424; x_wconf 77' lang='lat' dir='ltr'>sumite.</span> 
     </span>
    </p>
   </div>
   <div class='ocr_carea' id='block_1_28' title="bbox 1243 4190 1668 4248">
    <p class='ocr_par' dir='ltr' id='par_1_29' title="bbox 1243 4190 1668 4248">
     <span class='ocr_line' id='line_1_59' title="bbox 1243 4190 1668 4248; baseline 0 -26"><span class='ocrx_word' id='word_1_253' title='bbox 1243 4243 1248 4248; x_wconf 35' lang='grc' dir='ltr'>Ι</span> <span class='ocrx_word' id='word_1_254' title='bbox 1352 4190 1563 4228; x_wconf 54' lang='grc' dir='ltr'><strong>Μ</strong></span> <span class='ocrx_word' id='word_1_255' title='bbox 1654 4203 1668 4231; x_wconf 78' lang='grc' dir='ltr'>ι,</span> 
     </span>
    </p>
   </div>
   <div class='ocr_carea' id='block_1_29' title="bbox 1347 381 2328 2235">
    <p class='ocr_par' dir='ltr' id='par_1_30' title="bbox 1347 381 2328 2235">
     <span class='ocr_line' id='line_1_60' title="bbox 1348 381 2326 480; baseline 0.01 -32"><span class='ocrx_word' id='word_1_256' title='bbox 1348 381 1432 450; x_wconf 90' lang='lat' dir='ltr'>citia</span> <span class='ocrx_word' id='word_1_257' title='bbox 1448 383 1514 468; x_wconf 86' lang='lat' dir='ltr'>ita,</span> <span class='ocrx_word' id='word_1_258' title='bbox 1533 397 1573 456; x_wconf 90' lang='lat' dir='ltr'>ut</span> <span class='ocrx_word' id='word_1_259' title='bbox 1587 397 1706 476; x_wconf 87' lang='lat' dir='ltr'>tamen</span> <span class='ocrx_word' id='word_1_260' title='bbox 1720 385 1836 456; x_wconf 82' lang='lat' dir='ltr'>&#39;studia</span> <span class='ocrx_word' id='word_1_261' title='bbox 1847 389 1898 456; x_wconf 83' lang='lat' dir='ltr'>¹ad</span> <span class='ocrx_word' id='word_1_262' title='bbox 1914 387 2069 480; x_wconf 80' lang='lat' dir='ltr'>aliquem</span> <span class='ocrx_word' id='word_1_263' title='bbox 2085 403 2215 460; x_wconf 87' lang='lat' dir='ltr'>certum</span> <span class='ocrx_word' id='word_1_264' title='bbox 2231 388 2326 458; x_wconf 87' lang='lat' dir='ltr'>finem</span> 
     </span>
     <span class='ocr_line' id='line_1_61' title="bbox 1350 484 2326 582; baseline 0.01 -32"><span class='ocrx_word' id='word_1_265' title='bbox 1350 484 1626 572; x_wconf 76' lang='lat' dir='ltr'>referantur‚,et</span> <span class='ocrx_word' id='word_1_266' title='bbox 1649 488 1798 578; x_wconf 84' lang='lat' dir='ltr'>cogites,</span> <span class='ocrx_word' id='word_1_267' title='bbox 1825 488 1912 582; x_wconf 78' lang='lat' dir='ltr'>quid</span> <span class='ocrx_word' id='word_1_268' title='bbox 1933 489 2021 560; x_wconf 88' lang='lat' dir='ltr'>velis</span> <span class='ocrx_word' id='word_1_269' title='bbox 2037 491 2186 574; x_wconf 86' lang='lat' dir='ltr'>discere,</span> <span class='ocrx_word' id='word_1_270' title='bbox 2210 491 2326 560; x_wconf 84' lang='lat' dir='ltr'>videli-</span> 
     </span>
     <span class='ocr_line' id='line_1_62' title="bbox 1350 583 2328 675; baseline 0.006 -20"><span class='ocrx_word' id='word_1_271' title='bbox 1350 601 1404 656; x_wconf 85' lang='lat' dir='ltr'>cet</span> <span class='ocrx_word' id='word_1_272' title='bbox 1438 583 1619 660; x_wconf 80' lang='lat' dir='ltr'>Ecclesiae</span> <span class='ocrx_word' id='word_1_273' title='bbox 1651 591 1873 675; x_wconf 84' lang='lat' dir='ltr'>doctrinam,</span> <span class='ocrx_word' id='word_1_274' title='bbox 1915 587 2133 666; x_wconf 84' lang='lat' dir='ltr'>Dialecticen</span> <span class='ocrx_word' id='word_1_275' title='bbox 2164 605 2198 662; x_wconf 86' lang='lat' dir='ltr'>et</span> <span class='ocrx_word' id='word_1_276' title='bbox 2229 593 2328 664; x_wconf 89' lang='lat' dir='ltr'>latine</span> 
     </span>
     <span class='ocr_line' id='line_1_63' title="bbox 1350 681 2325 784; baseline 0.007 -27"><span class='ocrx_word' id='word_1_277' title='bbox 1350 689 1528 760; x_wconf 88' lang='lat' dir='ltr'>scribendi</span> <span class='ocrx_word' id='word_1_278' title='bbox 1552 691 1747 784; x_wconf 85' lang='lat' dir='ltr'>rationem,</span> <span class='ocrx_word' id='word_1_279' title='bbox 1776 681 1936 782; x_wconf 78' lang='lat' dir='ltr'>graecam</span> <span class='ocrx_word' id='word_1_280' title='bbox 1956 693 2133 782; x_wconf 87' lang='lat' dir='ltr'>linguam,-</span> <span class='ocrx_word' id='word_1_281' title='bbox 2165 693 2325 766; x_wconf 89' lang='lat' dir='ltr'>elementa</span> 
     </span>
     <span class='ocr_line' id='line_1_64' title="bbox 1351 789 2274 888; baseline 0.01 -30"><span class='ocrx_word' id='word_1_282' title='bbox 1351 791 1684 880; x_wconf 82' lang='lat' dir='ltr'>linguaeebraicae,</span> <span class='ocrx_word' id='word_1_283' title='bbox 1708 790 1850 866; x_wconf 88' lang='lat' dir='ltr'>ethiceu</span> <span class='ocrx_word' id='word_1_284' title='bbox 1866 807 1903 866; x_wconf 85' lang='lat' dir='ltr'>ct</span> <span class='ocrx_word' id='word_1_285' title='bbox 1916 797 2091 866; x_wconf 86' lang='lat' dir='ltr'>elementa</span> <span class='ocrx_word' id='word_1_286' title='bbox 2110 789 2274 888; x_wconf 81' lang='lat' dir='ltr'>physices.</span> 
     </span>
     <span class='ocr_line' id='line_1_65' title="bbox 1451 909 2327 1002; baseline 0.001 -21"><span class='ocrx_word' id='word_1_287' title='bbox 1451 911 1522 981; x_wconf 89' lang='lat' dir='ltr'>Die</span> <span class='ocrx_word' id='word_1_288' title='bbox 1542 909 1635 981; x_wconf 89' lang='lat' dir='ltr'>lovis</span> <span class='ocrx_word' id='word_1_289' title='bbox 1651 911 1853 983; x_wconf 83' lang='lat' dir='ltr'>et·Veneris</span> <span class='ocrx_word' id='word_1_290' title='bbox 1870 935 1974 983; x_wconf 89' lang='lat' dir='ltr'>mane</span> <span class='ocrx_word' id='word_1_291' title='bbox 1990 933 2138 1002; x_wconf 81' lang='lat' dir='ltr'>surgens</span> <span class='ocrx_word' id='word_1_292' title='bbox 2154 913 2255 1000; x_wconf 87' lang='lat' dir='ltr'>legito</span> <span class='ocrx_word' id='word_1_293' title='bbox 2275 937 2327 982; x_wconf 87' lang='lat' dir='ltr'>ca·</span> 
     </span>
     <span class='ocr_line' id='line_1_66' title="bbox 1352 1012 2327 1106; baseline 0.001 -24"><span class='ocrx_word' id='word_1_294' title='bbox 1352 1025 1416 1103; x_wconf 90' lang='lat' dir='ltr'>put</span> <span class='ocrx_word' id='word_1_295' title='bbox 1432 1015 1560 1086; x_wconf 85' lang='lat' dir='ltr'>veteris</span> <span class='ocrx_word' id='word_1_296' title='bbox 1574 1015 1787 1099; x_wconf 82' lang='lat' dir='ltr'>testamenti,</span> <span class='ocrx_word' id='word_1_297' title='bbox 1811 1029 1972 1106; x_wconf 88' lang='lat' dir='ltr'>utsupra</span> <span class='ocrx_word' id='word_1_298' title='bbox 1987 1015 2122 1085; x_wconf 88' lang='lat' dir='ltr'>dictum</span> <span class='ocrx_word' id='word_1_299' title='bbox 2140 1027 2201 1086; x_wconf 87' lang='lat' dir='ltr'>est.</span> <span class='ocrx_word' id='word_1_300' title='bbox 2248 1012 2327 1084; x_wconf 86' lang='lat' dir='ltr'>Pro-</span> 
     </span>
     <span class='ocr_line' id='line_1_67' title="bbox 1350 1111 2326 1196; baseline 0.001 -12"><span class='ocrx_word' id='word_1_301' title='bbox 1350 1116 1481 1184; x_wconf 83' lang='lat' dir='ltr'>ximam</span> <span class='ocrx_word' id='word_1_302' title='bbox 1506 1111 1630 1196; x_wconf 88' lang='lat' dir='ltr'>horam</span> <span class='ocrx_word' id='word_1_303' title='bbox 1654 1117 1804 1188; x_wconf 83' lang='lat' dir='ltr'>tribuito</span> <span class='ocrx_word' id='word_1_304' title='bbox 1828 1115 1924 1186; x_wconf 87' lang='lat' dir='ltr'>Livii</span> <span class='ocrx_word' id='word_1_305' title='bbox 1949 1117 2107 1188; x_wconf 89' lang='lat' dir='ltr'>lectioni.</span> <span class='ocrx_word' id='word_1_306' title='bbox 2158 1113 2223 1185; x_wconf 88' lang='lat' dir='ltr'>Die</span> <span class='ocrx_word' id='word_1_307' title='bbox 2244 1113 2326 1185; x_wconf 85' lang='lat' dir='ltr'>lovis</span> 
     </span>
     <span class='ocr_line' id='line_1_68' title="bbox 1352 1215 2324 1308; baseline 0.003 -23"><span class='ocrx_word' id='word_1_308' title='bbox 1352 1231 1412 1288; x_wconf 90' lang='lat' dir='ltr'>aut</span> <span class='ocrx_word' id='word_1_309' title='bbox 1427 1215 1578 1290; x_wconf 90' lang='lat' dir='ltr'>Veneris</span> <span class='ocrx_word' id='word_1_310' title='bbox 1596 1217 1741 1308; x_wconf 77' lang='lat' dir='ltr'>Virgilii</span> <span class='ocrx_word' id='word_1_311' title='bbox 1766 1234 1827 1290; x_wconf 92' lang='lat' dir='ltr'>aut</span> <span class='ocrx_word' id='word_1_312' title='bbox 1843 1215 1988 1304; x_wconf 75' lang='lat' dir='ltr'>Ovidii,</span> <span class='ocrx_word' id='word_1_313' title='bbox 2021 1219 2152 1290; x_wconf 89' lang='lat' dir='ltr'>deinde</span> <span class='ocrx_word' id='word_1_314' title='bbox 2172 1218 2324 1288; x_wconf 88' lang='lat' dir='ltr'>lectiones</span> 
     </span>
     <span class='ocr_line' id='line_1_69' title="bbox 1351 1313 2327 1414; baseline 0 -26"><span class='ocrx_word' id='word_1_315' title='bbox 1351 1313 1473 1390; x_wconf 82' lang='lat' dir='ltr'>audito</span> <span class='ocrx_word' id='word_1_316' title='bbox 1492 1317 1534 1394; x_wconf 85' lang='lat' dir='ltr'><em>V</em></span> <span class='ocrx_word' id='word_1_317' title='bbox 1532 1319 1579 1389; x_wconf 78' lang='lat' dir='ltr'>tsi</span> <span class='ocrx_word' id='word_1_318' title='bbox 1590 1335 1623 1390; x_wconf 88' lang='lat' dir='ltr'>st</span> <span class='ocrx_word' id='word_1_319' title='bbox 1639 1317 1839 1405; x_wconf 83' lang='lat' dir='ltr'>Paulinam,</span> <span class='ocrx_word' id='word_1_320' title='bbox 1860 1318 1948 1393; x_wconf 89' lang='lat' dir='ltr'>hora</span> <span class='ocrx_word' id='word_1_321' title='bbox 1962 1321 2208 1414; x_wconf 85' lang='lat' dir='ltr'>pomeridiana</span> <span class='ocrx_word' id='word_1_322' title='bbox 2223 1321 2327 1390; x_wconf 87' lang='lat' dir='ltr'>ebrai-</span> 
     </span>
     <span class='ocr_line' id='line_1_70' title="bbox 1351 1419 2326 1516; baseline 0.001 -27"><span class='ocrx_word' id='word_1_323' title='bbox 1351 1445 1426 1489; x_wconf 89' lang='lat' dir='ltr'>cam</span> <span class='ocrx_word' id='word_1_324' title='bbox 1446 1423 1715 1510; x_wconf 87' lang='lat' dir='ltr'>grammaticeu;</span> <span class='ocrx_word' id='word_1_325' title='bbox 1742 1424 1896 1516; x_wconf 85' lang='lat' dir='ltr'>reliquas</span> <span class='ocrx_word' id='word_1_326' title='bbox 1912 1419 2018 1494; x_wconf 85' lang='lat' dir='ltr'>horas</span> <span class='ocrx_word' id='word_1_327' title='bbox 2033 1423 2200 1494; x_wconf 87' lang='lat' dir='ltr'>iucundis</span> <span class='ocrx_word' id='word_1_328' title='bbox 2215 1422 2326 1491; x_wconf 82' lang='lat' dir='ltr'>lectio.-</span> 
     </span>
     <span class='ocr_line' id='line_1_71' title="bbox 1352 1520 2326 1620; baseline 0.003 -31"><span class='ocrx_word' id='word_1_329' title='bbox 1352 1523 1459 1592; x_wconf 88' lang='lat' dir='ltr'>nibus</span> <span class='ocrx_word' id='word_1_330' title='bbox 1474 1539 1536 1595; x_wconf 91' lang='lat' dir='ltr'>aut</span> <span class='ocrx_word' id='word_1_331' title='bbox 1551 1525 1716 1595; x_wconf 71' lang='lat' dir='ltr'>exercitio</span> <span class='ocrx_word' id='word_1_332' title='bbox 1732 1527 1814 1620; x_wconf 89' lang='lat' dir='ltr'>styli</span> <span class='ocrx_word' id='word_1_333' title='bbox 1826 1527 1992 1600; x_wconf 87' lang='lat' dir='ltr'>tribuito.</span> <span class='ocrx_word' id='word_1_334' title='bbox 2045 1524 2225 1616; x_wconf 79' lang='lat' dir='ltr'>Aeplacet</span> <span class='ocrx_word' id='word_1_335' title='bbox 2238 1520 2326 1604; x_wconf 87' lang='lat' dir='ltr'>mibi,</span> 
     </span>
     <span class='ocr_line' id='line_1_72' title="bbox 1350 1621 2327 1716; baseline 0.001 -22"><span class='ocrx_word' id='word_1_336' title='bbox 1350 1625 1415 1694; x_wconf 92' lang='lat' dir='ltr'>ubi</span> <span class='ocrx_word' id='word_1_337' title='bbox 1432 1627 1587 1716; x_wconf 88' lang='lat' dir='ltr'>primum</span> <span class='ocrx_word' id='word_1_338' title='bbox 1603 1627 1718 1712; x_wconf 87' lang='lat' dir='ltr'>vales,</span> <span class='ocrx_word' id='word_1_339' title='bbox 1750 1641 1791 1697; x_wconf 90' lang='lat' dir='ltr'>ut</span> <span class='ocrx_word' id='word_1_340' title='bbox 1808 1629 1922 1698; x_wconf 88' lang='lat' dir='ltr'>discas</span> <span class='ocrx_word' id='word_1_341' title='bbox 1940 1621 2197 1698; x_wconf 86' lang='lat' dir='ltr'>arithmeticam</span> <span class='ocrx_word' id='word_1_342' title='bbox 2215 1639 2246 1696; x_wconf 91' lang='lat' dir='ltr'>et</span> <span class='ocrx_word' id='word_1_343' title='bbox 2265 1626 2327 1696; x_wconf 83' lang='lat' dir='ltr'>ele·</span> 
     </span>
     <span class='ocr_line' id='line_1_73' title="bbox 1347 1723 2326 1829; baseline 0.001 -35"><span class='ocrx_word' id='word_1_344' title='bbox 1347 1743 1469 1829; x_wconf 75' lang='lat' dir='ltr'>menta</span> <span class='ocrx_word' id='word_1_345' title='bbox 1488 1723 1687 1819; x_wconf 89' lang='lat' dir='ltr'>sphaerica,</span> <span class='ocrx_word' id='word_1_346' title='bbox 1714 1753 1774 1798; x_wconf 90' lang='lat' dir='ltr'>seu</span> <span class='ocrx_word' id='word_1_347' title='bbox 1792 1731 1956 1820; x_wconf 87' lang='lat' dir='ltr'>privatim</span> <span class='ocrx_word' id='word_1_348' title='bbox 1969 1753 2033 1800; x_wconf 91' lang='lat' dir='ltr'>seu</span> <span class='ocrx_word' id='word_1_349' title='bbox 2056 1729 2208 1823; x_wconf 88' lang='lat' dir='ltr'>publice.</span> <span class='ocrx_word' id='word_1_350' title='bbox 2256 1726 2326 1798; x_wconf 86' lang='lat' dir='ltr'>Sint</span> 
     </span>
     <span class='ocr_line' id='line_1_74' title="bbox 1352 1830 2325 1922; baseline -0.001 -25"><span class='ocrx_word' id='word_1_351' title='bbox 1352 1830 1436 1898; x_wconf 88' lang='lat' dir='ltr'>certi</span> <span class='ocrx_word' id='word_1_352' title='bbox 1454 1831 1542 1911; x_wconf 79' lang='lat' dir='ltr'>fines</span> <span class='ocrx_word' id='word_1_353' title='bbox 1557 1832 1729 1922; x_wconf 86' lang='lat' dir='ltr'>propositi</span> <span class='ocrx_word' id='word_1_354' title='bbox 1747 1833 1785 1899; x_wconf 90' lang='lat' dir='ltr'>iu</span> <span class='ocrx_word' id='word_1_355' title='bbox 1801 1833 1992 1918; x_wconf 87' lang='lat' dir='ltr'>discendo,</span> <span class='ocrx_word' id='word_1_356' title='bbox 2016 1855 2083 1902; x_wconf 88' lang='lat' dir='ltr'>nec</span> <span class='ocrx_word' id='word_1_357' title='bbox 2094 1845 2230 1902; x_wconf 90' lang='lat' dir='ltr'>tautum</span> <span class='ocrx_word' id='word_1_358' title='bbox 2244 1841 2281 1900; x_wconf 91' lang='lat' dir='ltr'>ut</span> <span class='ocrx_word' id='word_1_359' title='bbox 2293 1831 2325 1896; x_wconf 89' lang='lat' dir='ltr'>in</span> 
     </span>
     <span class='ocr_line' id='line_1_75' title="bbox 1353 1931 2324 2025; baseline 0 -27"><span class='ocrx_word' id='word_1_360' title='bbox 1353 1931 1440 2000; x_wconf 92' lang='lat' dir='ltr'>ludo</span> <span class='ocrx_word' id='word_1_361' title='bbox 1456 1946 1603 2021; x_wconf 88' lang='lat' dir='ltr'>vagetur</span> <span class='ocrx_word' id='word_1_362' title='bbox 1618 1935 1777 2016; x_wconf 88' lang='lat' dir='ltr'>animus,</span> <span class='ocrx_word' id='word_1_363' title='bbox 1803 1937 1864 2004; x_wconf 91' lang='lat' dir='ltr'>sed</span> <span class='ocrx_word' id='word_1_364' title='bbox 1881 1957 2008 2025; x_wconf 85' lang='lat' dir='ltr'>genera</span> <span class='ocrx_word' id='word_1_365' title='bbox 2024 1936 2156 2004; x_wconf 92' lang='lat' dir='ltr'>artium</span> <span class='ocrx_word' id='word_1_366' title='bbox 2178 1933 2324 2010; x_wconf 83' lang='lat' dir='ltr'>conside-</span> 
     </span>
     <span class='ocr_line' id='line_1_76' title="bbox 1352 2036 2325 2134; baseline 0.002 -34"><span class='ocrx_word' id='word_1_367' title='bbox 1352 2047 1495 2119; x_wconf 87' lang='lat' dir='ltr'>rentur,</span> <span class='ocrx_word' id='word_1_368' title='bbox 1520 2049 1617 2106; x_wconf 88' lang='lat' dir='ltr'>etex</span> <span class='ocrx_word' id='word_1_369' title='bbox 1642 2036 1691 2104; x_wconf 90' lang='lat' dir='ltr'>eis</span> <span class='ocrx_word' id='word_1_370' title='bbox 1711 2037 1913 2126; x_wconf 89' lang='lat' dir='ltr'>deligantur</span> <span class='ocrx_word' id='word_1_371' title='bbox 1932 2041 1992 2122; x_wconf 86' lang='lat' dir='ltr'>ea,</span> <span class='ocrx_word' id='word_1_372' title='bbox 2026 2056 2118 2134; x_wconf 88' lang='lat' dir='ltr'>quae</span> <span class='ocrx_word' id='word_1_373' title='bbox 2144 2055 2325 2104; x_wconf 89' lang='lat' dir='ltr'>accommo-</span> 
     </span>
     <span class='ocr_line' id='line_1_77' title="bbox 1353 2136 2274 2235; baseline 0.008 -32"><span class='ocrx_word' id='word_1_374' title='bbox 1353 2136 1434 2205; x_wconf 88' lang='lat' dir='ltr'>data</span> <span class='ocrx_word' id='word_1_375' title='bbox 1453 2139 1595 2235; x_wconf 73' lang='lat' dir='ltr'>suntad</span> <span class='ocrx_word' id='word_1_376' title='bbox 1613 2137 1738 2224; x_wconf 88' lang='lat' dir='ltr'>vitam,</span> <span class='ocrx_word' id='word_1_377' title='bbox 1764 2162 1870 2232; x_wconf 86' lang='lat' dir='ltr'>quam</span> <span class='ocrx_word' id='word_1_378' title='bbox 1886 2139 2073 2210; x_wconf 89' lang='lat' dir='ltr'>instituere</span> <span class='ocrx_word' id='word_1_379' title='bbox 2087 2137 2274 2209; x_wconf 82' lang='lat' dir='ltr'>decrevisti.</span> 
     </span>
    </p>
   </div>
   <div class='ocr_carea' id='block_1_30' title="bbox 1352 2251 2407 2756">
    <p class='ocr_par' dir='ltr' id='par_1_31' title="bbox 1352 2251 2407 2756">
     <span class='ocr_line' id='line_1_78' title="bbox 1454 2251 2407 2331; baseline 0.001 -10"><span class='ocrx_word' id='word_1_380' title='bbox 1454 2251 1559 2322; x_wconf 89' lang='lat' dir='ltr'>Diem</span> <span class='ocrx_word' id='word_1_381' title='bbox 1576 2255 1723 2331; x_wconf 88' lang='lat' dir='ltr'>Saturni</span> <span class='ocrx_word' id='word_1_382' title='bbox 1738 2271 1772 2327; x_wconf 91' lang='lat' dir='ltr'>et</span> <span class='ocrx_word' id='word_1_383' title='bbox 1783 2259 1911 2327; x_wconf 82' lang='lat' dir='ltr'>festum</span> <span class='ocrx_word' id='word_1_384' title='bbox 1926 2259 2020 2326; x_wconf 89' lang='lat' dir='ltr'>diem</span> <span class='ocrx_word' id='word_1_385' title='bbox 2037 2257 2185 2328; x_wconf 89' lang='lat' dir='ltr'>tribuito</span> <span class='ocrx_word' id='word_1_386' title='bbox 2199 2255 2325 2326; x_wconf 90' lang='lat' dir='ltr'>lectioni</span> <span class='ocrx_word' id='word_1_387' title='bbox 2406 2251 2407 2256; x_wconf 63' lang='grc'>’</span> 
     </span>
     <span class='ocr_line' id='line_1_79' title="bbox 1352 2349 2327 2446; baseline 0.009 -25"><span class='ocrx_word' id='word_1_388' title='bbox 1352 2349 1534 2446; x_wconf 80' lang='lat' dir='ltr'>Epistulae</span> <span class='ocrx_word' id='word_1_389' title='bbox 1555 2357 1600 2425; x_wconf 93' lang='lat' dir='ltr'>ad</span> <span class='ocrx_word' id='word_1_390' title='bbox 1621 2355 1806 2428; x_wconf 84' lang='lat' dir='ltr'>Romanos</span> <span class='ocrx_word' id='word_1_391' title='bbox 1827 2371 1861 2427; x_wconf 88' lang='lat' dir='ltr'>et</span> <span class='ocrx_word' id='word_1_392' title='bbox 1892 2359 2052 2429; x_wconf 89' lang='lat' dir='ltr'>locorum</span> <span class='ocrx_word' id='word_1_393' title='bbox 2089 2357 2327 2430; x_wconf 89' lang='lat' dir='ltr'>communium.</span> 
     </span>
     <span class='ocr_line' id='line_1_80' title="bbox 1353 2455 2326 2549; baseline 0.004 -25"><span class='ocrx_word' id='word_1_394' title='bbox 1353 2455 1524 2544; x_wconf 83' lang='lat' dir='ltr'>Quotidie</span> <span class='ocrx_word' id='word_1_395' title='bbox 1544 2461 1821 2549; x_wconf 44' lang='lat' dir='ltr'>autemssvesperi</span> <span class='ocrx_word' id='word_1_396' title='bbox 1844 2461 1958 2530; x_wconf 89' lang='lat' dir='ltr'>iturus</span> <span class='ocrx_word' id='word_1_397' title='bbox 1982 2461 2148 2530; x_wconf 90' lang='lat' dir='ltr'>cubitum</span> <span class='ocrx_word' id='word_1_398' title='bbox 2164 2459 2263 2549; x_wconf 89' lang='lat' dir='ltr'>legito</span> <span class='ocrx_word' id='word_1_399' title='bbox 2279 2482 2326 2528; x_wconf 90' lang='lat' dir='ltr'>ca-</span> 
     </span>
     <span class='ocr_line' id='line_1_81' title="bbox 1353 2556 2325 2652; baseline 0.003 -26"><span class='ocrx_word' id='word_1_400' title='bbox 1353 2573 1417 2647; x_wconf 93' lang='lat' dir='ltr'>put</span> <span class='ocrx_word' id='word_1_401' title='bbox 1443 2559 1528 2626; x_wconf 88' lang='lat' dir='ltr'>novi</span> <span class='ocrx_word' id='word_1_402' title='bbox 1546 2556 1766 2630; x_wconf 88' lang='lat' dir='ltr'>Testamenti</span> <span class='ocrx_word' id='word_1_403' title='bbox 1788 2575 1824 2631; x_wconf 92' lang='lat' dir='ltr'>et</span> <span class='ocrx_word' id='word_1_404' title='bbox 1848 2562 1956 2631; x_wconf 90' lang='lat' dir='ltr'>latine</span> <span class='ocrx_word' id='word_1_405' title='bbox 1979 2573 2013 2642; x_wconf 88' lang='lat' dir='ltr'>et</span> <span class='ocrx_word' id='word_1_406' title='bbox 2034 2585 2179 2652; x_wconf 80' lang='lat' dir='ltr'>graece,</span> <span class='ocrx_word' id='word_1_407' title='bbox 2204 2575 2237 2632; x_wconf 87' lang='lat' dir='ltr'>et</span> <span class='ocrx_word' id='word_1_408' title='bbox 2255 2585 2325 2652; x_wconf 88' lang='lat' dir='ltr'>prs-</span> 
     </span>
     <span class='ocr_line' id='line_1_82' title="bbox 1352 2661 2325 2756; baseline 0.004 -29"><span class='ocrx_word' id='word_1_409' title='bbox 1352 2661 1536 2751; x_wconf 82' lang='lat' dir='ltr'>prietatem</span> <span class='ocrx_word' id='word_1_410' title='bbox 1560 2662 1752 2756; x_wconf 71' lang='lat' dir='ltr'>verborum</span> <span class='ocrx_word' id='word_1_411' title='bbox 1774 2663 1945 2732; x_wconf 89' lang='lat' dir='ltr'>mediocri</span> <span class='ocrx_word' id='word_1_412' title='bbox 1965 2663 2157 2752; x_wconf 82' lang='lat' dir='ltr'>diligentis</span> <span class='ocrx_word' id='word_1_413' title='bbox 2181 2663 2325 2743; x_wconf 78' lang='lat' dir='ltr'>conside·</span> 
     </span>
    </p>
   </div>
   <div class='ocr_carea' id='block_1_31' title="bbox 1287 2754 2324 2956">
    <p class='ocr_par' dir='ltr' id='par_1_32' title="bbox 1287 2754 2324 2956">
     <span class='ocr_line' id='line_1_83' title="bbox 1331 2754 2324 2858; baseline 0.003 -28"><span class='ocrx_word' id='word_1_414' title='bbox 1331 2767 1443 2832; x_wconf 89' lang='lat' dir='ltr'>rato.</span> <span class='ocrx_word' id='word_1_415' title='bbox 1504 2754 1556 2832; x_wconf 87' lang='lat' dir='ltr'>lta</span> <span class='ocrx_word' id='word_1_416' title='bbox 1579 2763 1732 2834; x_wconf 90' lang='lat' dir='ltr'>multum</span> <span class='ocrx_word' id='word_1_417' title='bbox 1757 2778 1791 2833; x_wconf 91' lang='lat' dir='ltr'>et</span> <span class='ocrx_word' id='word_1_418' title='bbox 1814 2765 1852 2832; x_wconf 93' lang='lat' dir='ltr'>in</span> <span class='ocrx_word' id='word_1_419' title='bbox 1873 2765 2035 2838; x_wconf 87' lang='lat' dir='ltr'>doctrina</span> <span class='ocrx_word' id='word_1_420' title='bbox 2059 2762 2236 2836; x_wconf 83' lang='lat' dir='ltr'>Ecclesiae</span> <span class='ocrx_word' id='word_1_421' title='bbox 2255 2790 2324 2858; x_wconf 91' lang='lat' dir='ltr'>prn-</span> 
     </span>
     <span class='ocr_line' id='line_1_84' title="bbox 1287 2865 2134 2956; baseline 0.007 -25"><span class='ocrx_word' id='word_1_422' title='bbox 1287 2893 1293 2904; x_wconf 95' lang='lat'><strong>·</strong></span> <span class='ocrx_word' id='word_1_423' title='bbox 1352 2865 1467 2948; x_wconf 89' lang='lat' dir='ltr'>ficies,</span> <span class='ocrx_word' id='word_1_424' title='bbox 1492 2877 1526 2934; x_wconf 91' lang='lat' dir='ltr'>et</span> <span class='ocrx_word' id='word_1_425' title='bbox 1542 2865 1580 2932; x_wconf 89' lang='lat' dir='ltr'>iu</span> <span class='ocrx_word' id='word_1_426' title='bbox 1596 2865 1738 2954; x_wconf 88' lang='lat' dir='ltr'>liuguae</span> <span class='ocrx_word' id='word_1_427' title='bbox 1756 2888 1897 2955; x_wconf 86' lang='lat' dir='ltr'>graecae</span> <span class='ocrx_word' id='word_1_428' title='bbox 1915 2868 2134 2956; x_wconf 88' lang='lat' dir='ltr'>cognitione.</span> 
     </span>
    </p>
   </div>
   <div class='ocr_carea' id='block_1_32' title="bbox 1351 2979 2407 3376">
    <p class='ocr_par' dir='ltr' id='par_1_33' title="bbox 1351 2979 2407 3376">
     <span class='ocr_line' id='line_1_85' title="bbox 1396 2979 2324 3075; baseline 0.005 -27"><span class='ocrx_word' id='word_1_429' title='bbox 1396 3062 1400 3070; x_wconf 22' lang='grc' dir='ltr'>ι</span> <span class='ocrx_word' id='word_1_430' title='bbox 1456 2979 1498 3048; x_wconf 93' lang='lat' dir='ltr'>ln</span> <span class='ocrx_word' id='word_1_431' title='bbox 1522 2983 1718 3050; x_wconf 83' lang='lat' dir='ltr'>scribendis</span> <span class='ocrx_word' id='word_1_432' title='bbox 1739 2983 1903 3075; x_wconf 47' lang='lat' dir='ltr'>epistolis,</span> <span class='ocrx_word' id='word_1_433' title='bbox 1920 2985 2062 3054; x_wconf 89' lang='lat' dir='ltr'>imitare</span> <span class='ocrx_word' id='word_1_434' title='bbox 2088 2997 2235 3056; x_wconf 85' lang='lat' dir='ltr'>veterem</span> <span class='ocrx_word' id='word_1_435' title='bbox 2255 2985 2324 3054; x_wconf 90' lang='lat' dir='ltr'>lati·</span> 
     </span>
     <span class='ocr_line' id='line_1_86' title="bbox 1351 3085 2407 3178; baseline 0.004 -26"><span class='ocrx_word' id='word_1_436' title='bbox 1351 3104 1437 3152; x_wconf 90' lang='lat' dir='ltr'>nam</span> <span class='ocrx_word' id='word_1_437' title='bbox 1460 3085 1771 3166; x_wconf 83' lang='lat' dir='ltr'>consuetudinem,</span> <span class='ocrx_word' id='word_1_438' title='bbox 1804 3109 1869 3154; x_wconf 89' lang='lat' dir='ltr'>nec</span> <span class='ocrx_word' id='word_1_439' title='bbox 1891 3109 2031 3178; x_wconf 89' lang='lat' dir='ltr'>semper</span> <span class='ocrx_word' id='word_1_440' title='bbox 2050 3088 2104 3160; x_wconf 88' lang='lat' dir='ltr'>ita</span> <span class='ocrx_word' id='word_1_441' title='bbox 2128 3089 2270 3172; x_wconf 87' lang='lat' dir='ltr'>scribas,</span> <span class='ocrx_word' id='word_1_442' title='bbox 2293 3101 2324 3156; x_wconf 89' lang='lat' dir='ltr'>ut</span> <span class='ocrx_word' id='word_1_443' title='bbox 2406 3133 2407 3136; x_wconf 57' lang='lat'><em>=</em></span> 
     </span>
     <span class='ocr_line' id='line_1_87' title="bbox 1354 3185 2324 3274; baseline 0.003 -22"><span class='ocrx_word' id='word_1_444' title='bbox 1354 3185 1522 3274; x_wconf 86' lang='lat' dir='ltr'>epistolae</span> <span class='ocrx_word' id='word_1_445' title='bbox 1537 3186 1609 3254; x_wconf 90' lang='lat' dir='ltr'>sint</span> <span class='ocrx_word' id='word_1_446' title='bbox 1625 3186 1759 3254; x_wconf 88' lang='lat' dir='ltr'>similes</span> <span class='ocrx_word' id='word_1_447' title='bbox 1781 3187 1993 3256; x_wconf 90' lang='lat' dir='ltr'>concionum</span> <span class='ocrx_word' id='word_1_448' title='bbox 2016 3190 2324 3272; x_wconf 89' lang='lat' dir='ltr'>ecclesiasticarum,</span> 
     </span>
     <span class='ocr_line' id='line_1_88' title="bbox 1353 3283 2325 3376; baseline 0.001 -20"><span class='ocrx_word' id='word_1_449' title='bbox 1353 3287 1413 3356; x_wconf 90' lang='lat' dir='ltr'>sed</span> <span class='ocrx_word' id='word_1_450' title='bbox 1438 3287 1579 3376; x_wconf 85' lang='lat' dir='ltr'>potius,</span> <span class='ocrx_word' id='word_1_451' title='bbox 1603 3300 1643 3356; x_wconf 90' lang='lat' dir='ltr'>ut</span> <span class='ocrx_word' id='word_1_452' title='bbox 1665 3287 1816 3356; x_wconf 80' lang='lat' dir='ltr'>tonnam</span> <span class='ocrx_word' id='word_1_453' title='bbox 1838 3283 1993 3360; x_wconf 84' lang='lat' dir='ltr'>babeant</span> <span class='ocrx_word' id='word_1_454' title='bbox 2005 3293 2199 3362; x_wconf 85' lang='lat' dir='ltr'>oratoriam</span> <span class='ocrx_word' id='word_1_455' title='bbox 2213 3303 2246 3360; x_wconf 89' lang='lat' dir='ltr'>et</span> <span class='ocrx_word' id='word_1_456' title='bbox 2257 3311 2325 3358; x_wconf 83' lang='lat' dir='ltr'>vere</span> 
     </span>
    </p>
   </div>
   <div class='ocr_carea' id='block_1_33' title="bbox 1250 3387 2407 3492">
    <p class='ocr_par' dir='ltr' id='par_1_34' title="bbox 1250 3387 2407 3492">
     <span class='ocr_line' id='line_1_89' title="bbox 1250 3387 2407 3492; baseline 0.002 -36"><span class='ocrx_word' id='word_1_457' title='bbox 1250 3475 1252 3480; x_wconf 23' lang='grc' dir='ltr'>Ι</span> <span class='ocrx_word' id='word_1_458' title='bbox 1353 3387 1594 3478; x_wconf 85' lang='lat' dir='ltr'>epistolarem,</span> <span class='ocrx_word' id='word_1_459' title='bbox 1627 3389 1780 3462; x_wconf 86' lang='lat' dir='ltr'>similem</span> <span class='ocrx_word' id='word_1_460' title='bbox 1811 3389 1932 3483; x_wconf 87' lang='lat' dir='ltr'>aliquo</span> <span class='ocrx_word' id='word_1_461' title='bbox 1963 3394 2073 3462; x_wconf 89' lang='lat' dir='ltr'>modo</span> <span class='ocrx_word' id='word_1_462' title='bbox 2105 3387 2327 3464; x_wconf 87' lang='lat' dir='ltr'>Ciceronianis</span> <span class='ocrx_word' id='word_1_463' title='bbox 2406 3481 2407 3492; x_wconf 9' lang='grc' dir='ltr'>ἵ</span> 
     </span>
    </p>
   </div>
   <div class='ocr_carea' id='block_1_34' title="bbox 1353 3490 2407 3768">
    <p class='ocr_par' dir='ltr' id='par_1_35' title="bbox 1353 3490 2407 3768">
     <span class='ocr_line' id='line_1_90' title="bbox 1354 3490 2324 3580; baseline 0.004 -22"><span class='ocrx_word' id='word_1_464' title='bbox 1354 3490 1530 3580; x_wconf 84' lang='lat' dir='ltr'>epistolis,</span> <span class='ocrx_word' id='word_1_465' title='bbox 1570 3503 1606 3560; x_wconf 90' lang='lat' dir='ltr'>et</span> <span class='ocrx_word' id='word_1_466' title='bbox 1636 3491 1806 3560; x_wconf 82' lang='lat' dir='ltr'>familiari</span> <span class='ocrx_word' id='word_1_467' title='bbox 1837 3493 2012 3580; x_wconf 84' lang='lat' dir='ltr'>semuoui,</span> <span class='ocrx_word' id='word_1_468' title='bbox 2051 3491 2324 3566; x_wconf 80' lang='lat' dir='ltr'>commemorasti</span> 
     </span>
     <span class='ocr_line' id='line_1_91' title="bbox 1353 3592 2407 3768; baseline 0.009 -108"><span class='ocrx_word' id='word_1_469' title='bbox 1353 3592 1526 3682; x_wconf 86' lang='lat' dir='ltr'>privatam</span> <span class='ocrx_word' id='word_1_470' title='bbox 1544 3592 1842 3670; x_wconf 86' lang='lat' dir='ltr'>benevolentiam.</span> <span class='ocrx_word' id='word_1_471' title='bbox 2145 3691 2201 3768; x_wconf 68' lang='lat' dir='ltr'>Ph</span> <span class='ocrx_word' id='word_1_472' title='bbox 2237 3687 2275 3768; x_wconf 76' lang='grc' dir='ltr'><strong><em>Μ</em></strong></span> <span class='ocrx_word' id='word_1_473' title='bbox 2406 3659 2407 3670; x_wconf 70' lang='grc'>,</span> 
     </span>
    </p>
   </div>
   <div class='ocr_carea' id='block_1_35' title="bbox 1350 4093 1546 4198">
    <p class='ocr_par' dir='ltr' id='par_1_36' title="bbox 1350 4093 1546 4198">
     <span class='ocr_line' id='line_1_92' title="bbox 1350 4093 1546 4198; baseline 0.031 -34"><span class='ocrx_word' id='word_1_474' title='bbox 1350 4093 1417 4168; x_wconf 82' lang='grc' dir='ltr'>Νο.</span> <span class='ocrx_word' id='word_1_475' title='bbox 1434 4093 1546 4198; x_wconf 68' lang='grc'><strong>7094.</strong></span> 
     </span>
    </p>
   </div>
   <div class='ocr_carea' id='block_1_36' title="bbox 1412 4195 2320 4556">
    <p class='ocr_par' dir='ltr' id='par_1_37' title="bbox 1412 4195 2320 4556">
     <span class='ocr_line' id='line_1_93' title="bbox 2163 4195 2320 4232; baseline 0.019 -3"><span class='ocrx_word' id='word_1_476' title='bbox 2163 4195 2320 4232; x_wconf 55' lang='lat' dir='ltr'>m</span> 
     </span>
     <span class='ocr_line' id='line_1_94' title="bbox 1487 4291 2212 4422; baseline 0.019 -39"><span class='ocrx_word' id='word_1_477' title='bbox 1487 4295 1584 4411; x_wconf 84' lang='lat' dir='ltr'>(De</span> <span class='ocrx_word' id='word_1_478' title='bbox 1614 4291 1904 4390; x_wconf 78' lang='lat' dir='ltr'>institutione</span> <span class='ocrx_word' id='word_1_479' title='bbox 1926 4307 2212 4422; x_wconf 76' lang='lat' dir='ltr'>puerorum)</span> 
     </span>
     <span class='ocr_line' id='line_1_95' title="bbox 1412 4462 2202 4556; baseline 0.02 -27"><span class='ocrx_word' id='word_1_480' title='bbox 1412 4479 1440 4542; x_wconf 81' lang='lat'><em>†</em></span> <span class='ocrx_word' id='word_1_481' title='bbox 1456 4475 1494 4530; x_wconf 75' lang='lat' dir='ltr'>Es</span> <span class='ocrx_word' id='word_1_482' title='bbox 1508 4491 1603 4550; x_wconf 79' lang='lat' dir='ltr'>apogr.</span> <span class='ocrx_word' id='word_1_483' title='bbox 1615 4478 1645 4532; x_wconf 84' lang='lat' dir='ltr'>irs</span> <span class='ocrx_word' id='word_1_484' title='bbox 1657 4478 1722 4536; x_wconf 85' lang='lat' dir='ltr'>ced.</span> <span class='ocrx_word' id='word_1_485' title='bbox 1734 4477 1818 4536; x_wconf 80' lang='lat' dir='ltr'>sou.</span> <span class='ocrx_word' id='word_1_486' title='bbox 1829 4481 1890 4538; x_wconf 77' lang='lat'>402.</span> <span class='ocrx_word' id='word_1_487' title='bbox 1908 4503 1933 4556; x_wconf 87' lang='lat' dir='ltr'>p.</span> <span class='ocrx_word' id='word_1_488' title='bbox 1946 4483 1998 4541; x_wconf 69' lang='lat'>418</span> <span class='ocrx_word' id='word_1_489' title='bbox 2005 4483 2034 4544; x_wconf 67' lang='lat' dir='ltr'>b.</span> <span class='ocrx_word' id='word_1_490' title='bbox 2199 4462 2202 4468; x_wconf 26' lang='grc' dir='ltr'><strong><em>Ι</em></strong></span> 
     </span>
    </p>
   </div>
   <div class='ocr_carea' id='block_1_37' title="bbox 1401 4651 2286 4876">
    <p class='ocr_par' dir='ltr' id='par_1_38' title="bbox 1401 4651 2286 4876">
     <span class='ocr_line' id='line_1_96' title="bbox 1401 4651 2286 4876; baseline 0.018 -40"><span class='ocrx_word' id='word_1_491' title='bbox 1401 4763 1528 4856; x_wconf 70' lang='lat' dir='ltr'>,Part</span> <span class='ocrx_word' id='word_1_492' title='bbox 1544 4765 1643 4847; x_wconf 69' lang='lat' dir='ltr'>Met.</span> <span class='ocrx_word' id='word_1_493' title='bbox 1663 4767 1709 4843; x_wconf 82' lang='lat' dir='ltr'>ds</span> <span class='ocrx_word' id='word_1_494' title='bbox 1723 4651 2005 4876; x_wconf 49' lang='lat' dir='ltr'>ddgbslilsieris</span> <span class='ocrx_word' id='word_1_495' title='bbox 2024 4778 2286 4855; x_wconf 61' lang='lat' dir='ltr'>instituendis?</span> 
     </span>
    </p>
   </div>
   <div class='ocr_carea' id='block_1_38' title="bbox 1348 4893 2325 5092">
    <p class='ocr_par' dir='ltr' id='par_1_39' title="bbox 1348 4893 2325 5092">
     <span class='ocr_line' id='line_1_97' title="bbox 1349 4893 2325 4994; baseline 0.012 -38"><span class='ocrx_word' id='word_1_496' title='bbox 1349 4893 1422 4982; x_wconf 83' lang='lat' dir='ltr'>(Est</span> <span class='ocrx_word' id='word_1_497' title='bbox 1436 4893 1638 4976; x_wconf 77' lang='lat' dir='ltr'>fragmentum</span> <span class='ocrx_word' id='word_1_498' title='bbox 1653 4903 1796 4981; x_wconf 86' lang='lat' dir='ltr'>epistolas</span> <span class='ocrx_word' id='word_1_499' title='bbox 1814 4905 1851 4967; x_wconf 87' lang='lat' dir='ltr'>ad</span> <span class='ocrx_word' id='word_1_500' title='bbox 1871 4911 2003 4970; x_wconf 81' lang='lat' dir='ltr'>amicum</span> <span class='ocrx_word' id='word_1_501' title='bbox 2021 4911 2188 4994; x_wconf 80' lang='lat' dir='ltr'>quendam3</span> <span class='ocrx_word' id='word_1_502' title='bbox 2214 4910 2325 4971; x_wconf 79' lang='lat' dir='ltr'>fortasse</span> 
     </span>
     <span class='ocr_line' id='line_1_98' title="bbox 1348 4993 2323 5092; baseline 0.008 -31"><span class='ocrx_word' id='word_1_503' title='bbox 1348 4994 1432 5061; x_wconf 88' lang='lat' dir='ltr'>Guil.</span> <span class='ocrx_word' id='word_1_504' title='bbox 1447 4993 1645 5062; x_wconf 83' lang='lat' dir='ltr'>Reiffeustein</span> <span class='ocrx_word' id='word_1_505' title='bbox 1660 5005 1768 5084; x_wconf 85' lang='lat' dir='ltr'>scripta</span> <span class='ocrx_word' id='word_1_506' title='bbox 1785 5020 1846 5088; x_wconf 87' lang='lat' dir='ltr'>est,</span> <span class='ocrx_word' id='word_1_507' title='bbox 1873 5011 1997 5092; x_wconf 88' lang='lat' dir='ltr'>quodsi</span> <span class='ocrx_word' id='word_1_508' title='bbox 2019 5033 2123 5076; x_wconf 82' lang='lat' dir='ltr'>verum</span> <span class='ocrx_word' id='word_1_509' title='bbox 2144 5025 2236 5091; x_wconf 84' lang='lat' dir='ltr'>esset,</span> <span class='ocrx_word' id='word_1_510' title='bbox 2258 4999 2323 5072; x_wconf 63' lang='lat' dir='ltr'>scriss</span> 
     </span>
    </p>
   </div>
   <div class='ocr_carea' id='block_1_39' title="bbox 1608 5115 2080 5197">
    <p class='ocr_par' dir='ltr' id='par_1_40' title="bbox 1608 5115 2080 5197">
     <span class='ocr_line' id='line_1_99' title="bbox 1608 5115 2080 5197; baseline 0.049 -35"><span class='ocrx_word' id='word_1_511' title='bbox 1608 5117 1690 5186; x_wconf 87' lang='lat' dir='ltr'>ptam</span> <span class='ocrx_word' id='word_1_512' title='bbox 1703 5119 1840 5190; x_wconf 85' lang='lat' dir='ltr'>putarem</span> <span class='ocrx_word' id='word_1_513' title='bbox 1856 5132 1934 5174; x_wconf 86' lang='lat' dir='ltr'>anno</span> <span class='ocrx_word' id='word_1_514' title='bbox 1955 5115 2080 5197; x_wconf 77' lang='lat'>1531.)</span> 
     </span>
    </p>
   </div>
   <div class='ocr_carea' id='block_1_40' title="bbox 1254 5229 2319 5351">
    <p class='ocr_par' dir='ltr' id='par_1_41' title="bbox 1254 5229 2319 5351">
     <span class='ocr_line' id='line_1_100' title="bbox 1254 5229 2319 5351; baseline 0.014 -37"><span class='ocrx_word' id='word_1_515' title='bbox 1254 5324 1264 5340; x_wconf 83' lang='lat'>.</span> <span class='ocrx_word' id='word_1_516' title='bbox 1347 5229 1492 5340; x_wconf 78' lang='lat' dir='ltr'>opinor</span> <span class='ocrx_word' id='word_1_517' title='bbox 1527 5273 1719 5340; x_wconf 88' lang='lat' dir='ltr'>puerorum</span> <span class='ocrx_word' id='word_1_518' title='bbox 1752 5257 1952 5330; x_wconf 87' lang='lat' dir='ltr'>doctrinam</span> <span class='ocrx_word' id='word_1_519' title='bbox 1987 5285 2062 5332; x_wconf 89' lang='lat' dir='ltr'>nou</span> <span class='ocrx_word' id='word_1_520' title='bbox 2094 5284 2167 5332; x_wconf 88' lang='lat' dir='ltr'>esse</span> <span class='ocrx_word' id='word_1_521' title='bbox 2201 5281 2319 5351; x_wconf 86' lang='lat' dir='ltr'>parem.</span> 
     </span>
    </p>
   </div>
   <div class='ocr_carea' id='block_1_41' title="bbox 1345 5347 2319 5465">
    <p class='ocr_par' dir='ltr' id='par_1_42' title="bbox 1345 5347 2319 5465">
     <span class='ocr_line' id='line_1_101' title="bbox 1345 5347 2319 5465; baseline 0.011 -46"><span class='ocrx_word' id='word_1_522' title='bbox 1345 5347 1457 5465; x_wconf 62' lang='lat' dir='ltr'>Nam,</span> <span class='ocrx_word' id='word_1_523' title='bbox 1486 5351 1517 5440; x_wconf 81' lang='lat' dir='ltr'>si</span> <span class='ocrx_word' id='word_1_524' title='bbox 1547 5375 1621 5424; x_wconf 86' lang='lat' dir='ltr'>nou</span> <span class='ocrx_word' id='word_1_525' title='bbox 1649 5356 1775 5445; x_wconf 79' lang='lat' dir='ltr'>tattor,</span> <span class='ocrx_word' id='word_1_526' title='bbox 1806 5361 1895 5432; x_wconf 90' lang='lat' dir='ltr'>alter</span> <span class='ocrx_word' id='word_1_527' title='bbox 1923 5374 2019 5436; x_wconf 88' lang='lat' dir='ltr'>tenet</span> <span class='ocrx_word' id='word_1_528' title='bbox 2046 5365 2117 5436; x_wconf 84' lang='lat' dir='ltr'>iam</span> <span class='ocrx_word' id='word_1_529' title='bbox 2144 5373 2319 5456; x_wconf 81' lang='lat' dir='ltr'>praecepta</span> 
     </span>
    </p>
   </div>
   <div class='ocr_carea' id='block_1_42' title="bbox 0 0 2458 5986">
    <p class='ocr_par' dir='ltr' id='par_1_43' title="bbox 0 0 2458 5986">
     <span class='ocr_line' id='line_1_102' title="bbox 0 0 2458 5986; baseline 0 0"><span class='ocrx_word' id='word_1_530' title='bbox 0 0 2458 5986; x_wconf 95' lang='lat' dir='ltr'> </span> 
     </span>
    </p>
   </div>
  </div>
 </body>
</html>
