4888 5962
135 175 239 254 709*
735 177 1154 273 QUAESTIONES
1187 179 1585 303 ACADEMICAE.
2110 197 2186 271 tto

132 349 309 422 institutis
327 371 368 420 ac
389 349 527 441 legibus
544 373 690 444 parere,
711 375 819 446 quam
835 355 997 427 doctrina
1020 357 1135 427 excel-
1186 367 1228 427 nt
1251 379 1348 426 nunc
1380 354 1570 428 Pontifices
1600 353 1765 431 horribili
1794 353 1963 436 servitute
1985 363 2180 439 Ecclesiam

132 453 239 523 lere.
275 449 383 541 Quod
399 477 480 522 cum
497 453 652 525 arbitrer
667 477 730 525 vos
748 479 902 551 quoque,
926 458 1023 528 viros
1038 459 1142 552 opti-.
1186 457 1413 550 opprimunt,
1455 460 1587 531 nolunt
1626 463 1793 554 explicari
1830 468 2010 556 dogmata,
2042 462 2179 542 Christi

52 575 59 592 ·
130 579 213 624 snos
234 567 270 626 et
290 554 535 645 gravissimos,
558 557 709 642 sentire,
734 581 838 649 spero
861 583 926 629 vos
942 561 1131 632 consilium
1183 559 1384 630 doctrinam
1406 561 1578 653 patelieri,
1604 565 1724 634 sanari
1740 583 1897 640 errantes
1912 583 1974 642 aut
1994 573 2177 664 ambigen-

133 679 255 728 meum
276 657 490 749 probaturos
510 679 601 746 csse,
627 660 724 752 quod
743 657 1006 733 laudatissimae
1028 659 1132 734 scho-
1183 673 1235 732 tes
1264 663 1507 735 conscientias.
1559 662 1793 760 Relinquitur
1818 669 1945 758 igitur,
1977 689 2017 743 ut
2041 676 2176 747 medius

132 762 190 830 lae
205 759 458 830 consuetudini
474 761 792 853 obtemperandum
809 764 907 834 duxi.
958 761 1050 836 Cum
1065 789 1132 837 au·
1183 763 1328 857 quidam
1347 760 1528 835 Ecclesiae
1550 779 1660 837 status
1681 771 1859 861 optandus
1881 772 1937 848 sit.
1990 775 2061 847 Sed
2090 773 2176 848 haee

132 880 205 934 tem
222 885 297 931 non
315 861 447 952 possim
465 861 667 956 eloquentia
684 863 786 934 vobis
802 867 1011 954 satisfacere,
1036 870 1129 938 dabo
1181 867 1424 951 mediocritas,
1450 866 1521 936 nisi
1537 865 1760 942 Geometrica
1784 876 2014 964 proportione
2029 895 2177 967 constet,
2251 954 2254 960 ,

131 987 298 1056 operam,
337 987 384 1032 ne
407 963 465 1033 cui
486 963 671 1054 prolixitas
698 967 872 1038 orationis
901 970 1048 1040 molesta
1073 970 1130 1042 sit.
1180 969 1300 1038 statim
1316 971 1505 1058 degenerat
1519 969 1558 1038 in
1573 966 1803 1069 ὀλιγαρχίαν,
1821 977 1876 1044 vel
1893 975 1932 1046 in
1950 980 2046 1070 vulgi
2063 963 2175 1053 licen-

130 1063 180 1138 Et
196 1080 236 1137 ut
250 1066 409 1136 novitate
423 1066 580 1135 taedium
596 1066 716 1161 aliqua
734 1093 775 1138 er
791 1083 890 1161 parte
906 1072 1031 1158 levem,
1051 1071 1129 1172 nla-
1181 1069 1280 1142 tiam.
1331 1067 1398 1142 Est
1417 1084 1534 1142 autem
1551 1069 1711 1145 Platonis
1734 1078 1915 1168 proportio
1939 1079 2001 1174 illa
2019 1080 2174 1155 Geome-

128 1171 185 1240 lui
215 1167 460 1264 quaestionem
487 1169 644 1262 aliquam
676 1171 828 1260 agitare,
860 1197 966 1266 quam
996 1175 1127 1246 artium
1180 1171 1290 1258 trica,
1314 1195 1394 1242 curn
1416 1197 1491 1242 non
1513 1168 1608 1244 unus
1625 1176 1755 1270 aliquis
1773 1180 1994 1266 dominatur,
2019 1188 2077 1254 sed
2093 1211 2173 1278 gra-

128 1271 320 1342 encomion
335 1271 502 1357 recitare,
526 1267 634 1358 Quod
651 1295 693 1342 eo
715 1274 753 1341 in
779 1296 906 1365 genere
927 1275 965 1344 in
988 1271 1054 1346 hac
1070 1277 1129 1345 in·
1180 1275 1247 1342 dns
1270 1273 1378 1359 bunt,
1410 1288 1446 1345 et
1468 1275 1596 1346 delecti
1616 1279 1743 1368 optimi
1766 1295 1800 1352 et
1821 1283 2017 1368 doctissimi
2040 1289 2173 1384 quique

130 1373 228 1465 genii
244 1373 496 1454 imbecillitate,
522 1367 615 1442 nibil
630 1375 787 1467 reperire
803 1377 915 1469 potui,
939 1380 1035 1472 quod
1053 1403 1126 1448 non
1180 1375 1376 1467 plurimum
1399 1377 1588 1448 autoritate
1612 1380 1743 1452 valent.
1798 1381 1863 1470 Ut,
1897 1383 1928 1455 si
1949 1387 1987 1455 in
2014 1385 2171 1463 Ecclesia

130 1491 223 1549 esset
241 1475 536 1564 vulgatissimum.
696 1497 698 1502 ¹
1179 1477 1384 1570 praecipuas
1405 1479 1608 1550 functiones
1621 1482 1816 1553 doctissimi
1839 1499 1876 1557 et
1898 1489 2024 1580 optimi
2041 1494 2172 1588 quique

235 1577 433 1668 Disputabo
450 1577 574 1666 igitur:
602 1571 730 1674 Quare
742 1572 856 1650 Pluto
871 1575 1028 1652 dixerit:
1047 1605 1126 1652 eum
1179 1594 1342 1666 teneant,
1377 1603 1443 1652 nec
1467 1581 1605 1653 iaceant
1635 1585 1713 1675 pari
1738 1587 1908 1660 servitute
1931 1615 2056 1664 omnes
2084 1597 2171 1665 boni

127 1675 375 1776 Reipublicae
393 1687 532 1748 statum
556 1677 850 1777 optimumesse,
876 1683 944 1781 qui
959 1685 1009 1754 sit
1032 1680 1127 1754 inter
1177 1682 1354 1774 oppressi,
1384 1685 1446 1752 sed
1468 1685 1597 1774 gradus
1619 1704 1817 1763 serventur.
1873 1691 2016 1764 Inducti
2039 1699 2171 1785 guber-

128 1779 169 1855 T
163 1776 390 1880 yrnnns'dem
422 1789 454 1850 el
478 1778 749 1852 Democratian
780 1779 941 1872 medius,
971 1808 1127 1883 propor-
1177 1797 1321 1854 natores
1342 1785 1532 1858 admittant
1554 1786 1731 1858 bonorum
1753 1807 1787 1862 et
1803 1794 1989 1865 doctorum
2010 1799 2170 1870 virorum

129 1886 231 1956 tione
243 1877 484 1956 Geomelrica.
534 1881 761 1954 Perliberalis
778 1881 866 1955 mihi
881 1888 956 1958 visa
976 1903 1028 1958 est
1043 1887 1127 1959 Pla·
1177 1887 1337 1978 consilia,
1364 1908 1439 1957 non
1453 1889 1719 1961 confundantur
1734 1893 1874 1984 gradm,
1899 1899 1960 1967 sed
1976 1903 2170 1996 unusquis-

130 1989 230 2061 tonis
252 1987 446 2071 sententia,
471 1999 507 2058 et
529 1988 574 2055 sd
599 1986 708 2057 vitam
731 1988 939 2071 utilissima,
966 2015 1071 2086 quam
1095 1989 1124 2062 si
1177 2013 1267 2082 que,
1292 1989 1390 2060 velut
1409 1989 1617 2071 stationem,
1640 1999 1743 2062 suuni
1767 1997 1885 2066 locum
1903 2011 2045 2072 tueatur
2061 2017 2092 2073 et
2110 2029 2171 2074 or-

129 2104 325 2186 sequautur
346 2091 391 2173 ii,
418 2089 480 2181 qui
504 2103 692 2180 praesunt,
719 2085 940 2161 hauddubie
965 2094 1127 2163 beatissi-
1176 2105 1248 2166 net.
1282 2087 1427 2162 Eruditi
1442 2093 1601 2163 iudicent
1615 2094 1660 2162 de
1675 2097 1849 2178 doctrina,
1875 2099 2010 2173 indocti
2028 2108 2170 2178 auscul-

128 2207 339 2264 macerant
365 2191 534 2261 civitates.
586 2189 746 2261 Multum
767 2193 872 2263 etiam
892 2191 1125 2286 Reipublicae
1178 2207 1254 2264 tent
1287 2206 1322 2265 ct
1354 2195 1616 2285 obtemperent,
1649 2221 1716 2269 nec
1743 2200 1783 2268 in
1809 2201 1942 2272 alienas
1968 2205 2170 2278 functiones

130 2296 318 2381 conducit,
349 2293 506 2386 privatos
532 2318 610 2364 earn
635 2307 771 2380 tenere,
804 2309 845 2364 ut
867 2319 970 2366 suurn
994 2297 1125 2384 locum,
1177 2295 1399 2387 irrumpant,
1430 2299 1641 2367 conturbato
1672 2301 1818 2383 ordine,
1854 2304 1943 2376 sicut
1974 2323 2008 2380 et
2037 2305 2170 2380 Paulus

130 2421 308 2493 suumque
335 2418 467 2466 munus
498 2396 548 2467 ita
578 2409 762 2482 tueantur,
793 2419 856 2479 ne,
890 2401 1125 2492 quantumin
1176 2397 1382 2487 gravissime
1405 2411 1545 2478 monet,
1581 2400 1684 2490 capit.
1708 2403 1764 2475 12.
1788 2406 1834 2473 ad
1855 2403 2057 2494 Romanos,
2087 2437 2168 2482 eum

130 2502 217 2594 ipsis
231 2516 300 2586 est,
325 2492 564 2591 pulcherrima
589 2497 652 2568 illa
675 2493 861 2572 harmonia
880 2497 1125 2572 Geometricae
1177 2499 1365 2592 praecipit,
1391 2521 1437 2569 ne
1452 2501 1660 2571 immodeste
1684 2505 1727 2574 de
1748 2505 1854 2576 nobis
1869 2509 2091 2597 sentiamus,
2108 2517 2167 2585 sed

129 2601 373 2696 proportionis
400 2601 639 2692 perturbetur.
699 2598 879 2690 Quantam
909 2615 1026 2674 autem
1051 2605 1124 2673 vim
1176 2603 1420 2696 unusquisque
1434 2626 1499 2694 pro
1517 2625 1582 2671 suo
1600 2606 1696 2674 dono
1719 2610 1876 2680 modeste
1891 2612 2036 2696 serviat,
2062 2638 2167 2686 suum

127 2703 261 2776 haheat
275 2701 434 2774 Platonis
451 2703 605 2787 dictum,
630 2703 670 2771 in
693 2705 854 2796 exemplo
875 2705 1015 2777 facilius
1037 2729 1123 2776 con·
1175 2727 1308 2774 munus
1322 2717 1436 2774 ornet.
1465 2702 1563 2773 Haec
1576 2719 1628 2776 est
1645 2707 1705 2776 illa
1721 2709 1842 2780 divina
1860 2715 2057 2804 proportio,
2078 2741 2169 2810 quae
2256 2769 2259 2776 -

130 2807 224 2900 spici
241 2807 377 2898 poterit.
1177 2807 1207 2875 si
1237 2819 1326 2876 esset
1356 2805 1395 2874 in
1418 2801 1575 2876 Ecclesia
1604 2821 1638 2877 et
1660 2809 1698 2878 in
1718 2808 1936 2904 Republica,
1967 2839 2050 2886 vere
2075 2820 2169 2890 beati

237 2907 280 2980 ln
294 2905 452 2979 Ecclesia
468 2907 620 2978 maxime
644 2907 743 2978 cerni
764 2921 897 3002 potest,
923 2933 1031 3004 quarn
1044 2933 1125 3002 per·
1177 2931 1342 2984 essemus.
1385 2953 1390 2964 ι

130 3013 291 3084 niciosus
314 3010 360 3080 sit
372 3024 524 3104 uterque
538 3023 667 3093 status,
691 3004 915 3082 Democratia
933 3025 968 3083 et
983 3009 1126 3107 Tyran-
1278 3008 1357 3080 Hoc
1373 3010 1531 3080 medium
1554 3010 1649 3081 inter
1665 3010 1910 3109 Tyrannidem
1926 3029 1961 3090 et
1975 3017 2167 3092 Democra-

129 3117 202 3186 nis.
254 3109 354 3204 Quid
379 3113 475 3181 enirn
495 3111 656 3183 futurum
678 3120 785 3200 esset,
811 3113 841 3182 si
858 3114 965 3204 vulgo
974 3113 1126 3185 “licentia
1177 3112 1251 3184 tian
1274 3113 1562 3184 constituendum
1585 3137 1657 3184 esse
1679 3116 1899 3208 sapientibus
1919 3122 2169 3212 gubernatori-
2207 3175 2212 3180 -

130 3219 404 3301 concederetur,
425 3216 588 3304 dogmata
611 3228 645 3284 et
659 3215 751 3286 ritus
772 3217 951 3286 condendi
966 3229 1028 3286 aut
1043 3241 1126 3288 mu-
1175 3219 1254 3302 bus,
1271 3213 1372 3286 Plato
1388 3215 1484 3286 dicit.
1518 3213 1590 3287 Sed
1606 3231 1780 3311 quantum
1794 3222 1839 3290 ab
1856 3211 1922 3292 hac
1935 3225 2048 3294 forma
2064 3225 2169 3297 distet

128 3319 257 3391 tandi?
282 3315 402 3387 Tanta
417 3331 469 3386 est
482 3317 579 3407 vulgi
594 3317 759 3402 stultitia,
782 3331 853 3387 tam
869 3317 1016 3388 caeciae
1033 3317 1125 3389 varii
1175 3315 1354 3403 Ecclesia,
1380 3341 1455 3387 non
1476 3329 1528 3387 est
1546 3319 1756 3404 obscurum.'
1800 3319 1890 3406 Nam
1913 3341 1974 3398 aut
1997 3327 2086 3397 iacet
2101 3353 2168 3421 op-

128 3423 304 3514 impctus,
328 3433 370 3490 ut
392 3418 531 3490 infinita
556 3419 754 3505 harbaries,
779 3434 814 3491 et
827 3421 990 3491 omnium
1004 3445 1124 3491 rerum
1175 3441 1294 3512 pressa
1322 3420 1531 3513 tyrannide,
1570 3435 1633 3490 aut
1659 3416 1882 3496 horribiliter
1910 3429 2104 3520 dissipatur
2129 3453 2169 3500 ac

128 3526 169 3594 in
186 3521 347 3594 Ecclesia
362 3521 656 3592 conlusiofutura
672 3535 775 3616 esset.
825 3519 989 3593 Vidimus
1008 3547 1126 3592 exem·
1174 3521 1350 3591 laceratur
1367 3545 1388 3590 a
1403 3521 1521 3610 vulgo.
1572 3519 1747 3595 Necialso
1762 3527 1852 3598 dixit
1867 3527 1988 3611 Plato,
2017 3527 2168 3624 propor-

129 3629 189 3719 pla
204 3627 391 3721 quaedam.
442 3623 516 3694 Nec
530 3623 600 3694 alia
615 3645 671 3694 res
686 3623 792 3694 initio
807 3621 1124 3716 Anabaptistarum
1174 3623 1311 3694 tionem
1332 3623 1432 3692 illam
1454 3621 1644 3694 difficulter
1668 3624 1844 3712 inveniri,
1870 3653 1910 3699 ac
1930 3632 2103 3701 iudicium
2122 3635 2168 3702 de

128 3730 308 3799 insaniam
328 3726 568 3812 confirmavit,
601 3725 670 3794 nisi
693 3720 781 3795 haec
802 3726 841 3794 in
860 3727 905 3795 iis
922 3726 1029 3812 locis,
1061 3727 1124 3797 ubi
1175 3750 1216 3796 ea
1229 3750 1304 3796 non
1318 3747 1391 3795 esse
1408 3719 1617 3810 hominum,
1640 3729 1699 3794 sed
1714 3723 1803 3798 Dat.
1835 3728 1906 3800 Sed
1923 3743 2041 3801 tamen
2056 3734 2169 3805 inter-

129 3842 394 3914 convenerunt,
417 3809 665 3914 Democraua,
683 3827 723 3896 in
747 3851 815 3922 qua
830 3829 935 3918 vulgo
959 3824 1125 3898 homines
1175 3831 1262 3900 dum
1288 3827 1445 3922 aliquam
1475 3827 1551 3896 eius
1585 3842 1719 3919 partem
1751 3832 1857 3901 rebus
1889 3827 2055 3904 humanis
2081 3859 2168 3906 con-

127 3932 306 4028 nepharii,
321 3931 490 4016 seditiosi,
504 3931 638 4024 cupidi,
654 3943 859 4022 sparserunt
871 3931 969 4004 varia
979 3932 1125 4021 dogma·
1175 3931 1329 4018 tingere,
1354 3929 1433 4000 etsi
1448 3929 1535 4022 quid
1551 3929 1638 3998 honi
1656 3931 1702 4001 sit
1722 3931 1759 3999 in
1774 3930 1972 4025 Republica
1995 3937 2167 4007 beneficio

128 4053 180 4120 ta,
204 4035 263 4106 alii
278 4059 342 4128 per
355 4033 600 4116 ambitionem,
620 4032 683 4100 alii
699 4031 836 4102 incitati
852 4033 932 4102 aliis
947 4033 1125 4125 cupidita·
1176 4027 1284 4104 huius
1301 4031 1545 4124 proportionis
1561 4031 1720 4104 existere.
1763 4028 1973 4126 Optandum
1990 4039 2099 4128 igitur
2115 4053 2168 4110 est

130 4141 248 4222 tibus,
272 4151 313 4208 ut
334 4150 515 4228 praetextu
530 4133 713 4224 religionis
736 4149 1037 4228 consequerentur
1060 4161 1125 4227 po-
1175 4134 1360 4220 nmnihus,
1374 4147 1424 4206 ut
1440 4133 1535 4204 Deus
1555 4134 1749 4228 aliquando
1774 4131 1866 4208 hanc
1882 4136 2105 4212 Harmonian
2128 4143 2166 4211 in

128 4240 298 4324 tentiam,
325 4239 523 4331 diriperent
544 4237 763 4329 locupletum
787 4238 981 4312 facultates.
1032 4236 1125 4308 Nam
1174 4233 1332 4307 Ecclesia
1347 4236 1526 4322 restituat,
1549 4251 1673 4322 etuas,
1701 4237 1763 4331 qui
1779 4238 1817 4308 in
1832 4241 1959 4312 studiis
1973 4267 2167 4328 versamur,

127 4347 171 4413 in
187 4343 294 4432 vulgo
310 4365 384 4410 non
409 4343 524 4410 solum
542 4339 642 4408 nulla
664 4339 753 4410 ratio
772 4353 840 4423 cst,
865 4335 959 4408 nihil
974 4339 1126 4426 consilii,
1175 4341 1299 4408 demus
1321 4361 1484 4430 operam,
1517 4352 1556 4408 nt
1583 4363 1715 4409 munus
1737 4343 1963 4414 commissum
1989 4371 2166 4430 ornemus,

8 4507 10 4514 ,
128 4445 233 4516 nulla
254 4444 469 4529 moderatio,
490 4443 551 4512 sed
569 4441 673 4511 etiam
696 4441 842 4532 plurimi
858 4457 942 4512 sunt
957 4443 1123 4532 improbi.
1175 4455 1217 4512 ut
1238 4441 1284 4509 ad
1309 4441 1509 4510 docendum
1542 4453 1578 4511 et
1607 4440 1837 4513 iudicandum
1861 4446 2045 4516 veniamus
2075 4447 2166 4516 hene
2208 4485 2210 4490 ,

127 4545 179 4620 Et
194 4560 237 4618 ut
254 4545 402 4640 quisque
417 4545 610 4639 pessimus,
636 4543 890 4614 audacissimus
907 4567 946 4613 ac
963 4544 1127 4614 furiosis·
1175 4541 1336 4612 meditati
1361 4567 1401 4611 ac
1430 4543 1561 4632 parati,
1595 4555 1634 4612 ut
1657 4546 1797 4627 dextre,
1829 4545 1991 4638 proprie,
2025 4561 2061 4616 et
2087 4549 2166 4615 sine

128 4653 244 4721 simus
259 4661 329 4730 est,
351 4648 399 4718 ita
416 4647 612 4742 plurimum
629 4646 739 4734 gratia
757 4659 863 4740 atque
879 4646 1070 4717 autoritate
1087 4647 1125 4715 in
1176 4645 1386 4715 confusione
1408 4647 1573 4734 dogmata
1599 4647 1773 4736 explicare
1797 4648 1981 4740 possimus.
2033 4647 2165 4720 Assue-

128 4753 240 4844 vulgn
263 4751 384 4843 pollet.
432 4747 528 4819 Haec
553 4749 691 4818 notiora
707 4761 810 4832 sunt,
836 4772 940 4842 quarn
958 4761 998 4819 ut
1021 4749 1125 4840 longa
1175 4747 1345 4816 faciamus
1384 4771 1450 4817 nus
1488 4749 1535 4816 ad
1577 4748 1803 4834 modestiam,
1845 4751 2020 4840 fugiamus
2052 4758 2167 4824 πολυ-

131 4855 294 4927 oratinne
308 4877 398 4945 opus
414 4853 471 4922 sit.
592 4849 595 4858 ’
1176 4841 1449 4946 πραγμοσύνην
1467 4862 1500 4918 et
1522 4850 1766 4940 petulantiam.
1818 4847 1897 4920 Hoc
1923 4855 2030 4922 modo
2054 4857 2164 4926 nostri

234 4955 374 5028 Rursus
397 4968 432 5026 et
461 4951 642 5048 Tyrannis
672 4951 835 5044 pestilera
867 4963 918 5021 est
937 4947 1126 5036 Ecclesiae,
1176 4951 1314 5020 ordinis
1330 4975 1390 5020 seu
1409 4953 1538 5041 gradus
1556 4947 1753 5021 Harmonia
1772 4967 1945 5038 correcta,
1971 4955 2166 5046 plurimum

130 5085 214 5130 cunr
238 5053 298 5144 hi,
325 5057 387 5151 qui
412 5057 664 5135 dominantur,
692 5077 766 5122 non
791 5055 878 5121 dant
900 5077 1060 5144 operam,
1086 5069 1126 5125 ut
1176 5054 1263 5123 honi
1282 5047 1460 5122 Ecclesiae
1476 5053 1608 5124 afferet.

129 5159 267 5234 Christi
289 5161 438 5249 gloriam
463 5181 503 5226 ec
519 5158 701 5227 veritatem
717 5157 868 5225 reddant
883 5155 1126 5242 illustriorem,
1279 5153 1379 5224 Haec
1396 5156 1489 5239 dixi,
1513 5169 1554 5225 ut
1568 5153 1728 5224 Platonis
1754 5158 1965 5228 sententiam
1991 5159 2167 5250 interpre-

131 5291 209 5334 non
228 5261 422 5334 consulunt
444 5257 549 5330 saluti
569 5257 766 5338 Ecclesiae,
790 5259 851 5326 sed
873 5281 972 5328 arram
991 5259 1127 5327 antori—
1178 5273 1290 5356 taret,
1322 5281 1412 5350 quae
1441 5259 1484 5326 ad
1514 5257 1652 5326 illustre
1680 5259 1849 5328 translata
1878 5262 2096 5350 exemplum,
2128 5262 2168 5332 fit

131 5383 262 5451 tatem,
288 5385 369 5434 suas
390 5385 475 5456 opes
496 5363 685 5432 defendere
708 5371 769 5430 aut
791 5381 917 5450 angere
941 5371 1126 5442 conantur,
1178 5360 1289 5450 magis
1314 5359 1508 5450 perspicua.
1559 5350 1608 5429 Et
1633 5363 1883 5451 praestandum
1905 5363 2010 5432 nobis
2031 5375 2101 5449 est,
2127 5377 2169 5435 ut

1432 5457 1514 5532 45*
